3025 4825
1225 413 1299 465 ad
1342 412 1466 467 Att.
1504 414 1553 467 I.
1591 414 1673 467 19.
2444 415 2485 480 9

410 624 549 687 ego
609 607 770 688 lege
832 608 1141 674 secunda
1217 607 1565 671 contionis
1632 608 1997 671 voluntate
2066 610 2300 672 omnia
2368 609 2488 671 illa

407 717 764 794 tollebam,
814 739 994 800 quae
1039 722 1132 782 ad
1161 720 1595 802 privatorum
1642 722 2155 784 incommodum
2188 722 2487 804 pertine-

408 831 618 895 bant:
664 832 1054 894 liberabam
1102 853 1352 916 agrum
1400 853 1581 910 eum,
1631 833 1750 915 qui
1798 834 1875 896 P.
1909 834 2169 910 Muci0,
2217 834 2293 896 L.
2335 833 2489 897 Cal-

409 945 663 1026 purnio
710 946 1113 1009 consulibus
1158 947 1484 1028 publicus
1531 946 1815 1019 fuisset:
1877 947 2326 1011 Sullanorum
2369 948 2488 1010 ho-

332 1081 357 1116 5
409 1059 670 1120 minum
717 1060 1197 1140 possessiones
1243 1058 1779 1132 confirmabam;
1848 1060 2358 1126 Volaterranos
2419 1072 2490 1125 et

304 1648 357 1684 10

301 2213 359 2251 15

302 2781 359 2817 20

305 3345 362 3383 25

410 1172 799 1245 ArretinOS,
864 1193 1160 1254 quorum
1229 1194 1477 1256 agrum
1540 1174 1740 1238 Sulla
1801 1175 2198 1256 publicarat
2260 1194 2490 1256 neque

412 1285 765 1362 diviserat,
813 1287 884 1347 in
930 1305 1056 1348 sua
1087 1282 1531 1368 pos-sessione
1564 1288 1989 1360 retinebam;
2036 1307 2245 1349 unam
2282 1287 2490 1351 ratio·

409 1417 568 1459 nem
615 1419 755 1461 non
801 1400 1199 1491 reiciebam,
1248 1410 1325 1462 ut
1370 1420 1560 1482 ager¹
1588 1400 1723 1461 hac
1756 1400 2158 1463 adventicia
2190 1400 2491 1482 pecunia

410 1523 774 1587 emeretur,
824 1532 1007 1594 quae
1053 1533 1144 1575 ex
1192 1514 1390 1575 novis
1422 1513 1896 1596 vectigalibus
1942 1533 2072 1594 per
2106 1513 2491 1595 quinquen·

410 1624 600 1686 nium
646 1627 1096 1708 reciperetur.
1143 1626 1306 1688 huic
1353 1626 1484 1690 toti
1532 1626 1787 1689 rationi
1835 1627 2162 1709 agrariae
2207 1637 2492 1689 senatus

410 1729 920 1802 adversabatur
978 1740 1342 1821 suspica-ns
1405 1739 1745 1819 Pompeio
1816 1759 2071 1802 novam
2137 1741 2492 1821 quandam

410 1850 798 1930 potentiam
848 1851 1124 1932 quaeri:
1174 1851 1657 1933 Pompeius
1688 1871 1899 1914 vero
1948 1854 2054 1915 ad
2086 1854 2489 1915 volunta·

410 1973 580 2024 tem
653 1962 1266 2044 perferendae
1341 1965 1580 2047 legis
1664 1964 2230 2029 incubuerat.
2323 1985 2489 2049 ego

411 2088 698 2139 autem
746 2097 1063 2160 magna
1110 2097 1292 2139 cum
1339 2079 1911 2160 agrariorum
1943 2079 2253 2162 gratia
2301 2098 2491 2141 con-

409 2188 879 2253 firmabam
943 2192 1318 2254 omnium
1380 2192 1944 2272 privatorum
2005 2191 2490 2275 possessio·

410 2322 562 2364 nes
606 2342 692 2351 --
735 2304 794 2366 is
856 2304 1039 2366 enim
1101 2313 1204 2367 est
1267 2314 1506 2367 noster
1552 2305 1924 2382 exercituS,
1971 2304 2351 2381 hominum,
2414 2315 2491 2367 ut

409 2426 558 2479 tute
606 2418 758 2495 sciS,
794 2418 1250 2500 locupletium
1281 2440 1402 2489 ——;
1449 2418 1718 2499 populo
1765 2429 1999 2481 autem
2046 2428 2116 2482 et
2150 2418 2489 2500 Pompeio

408 2567 497 2577 —-
541 2551 701 2593 nam
763 2531 834 2593 id
883 2552 1168 2614 quoque
1230 2531 1558 2595 volebam
1603 2567 1690 2578 --·
1735 2531 2257 2594 satisfaciebam
2306 2551 2490 2613 emp-

410 2645 620 2718 tione,
691 2664 830 2725 qua
877 2646 1253 2708 constituta
1317 2644 1697 2727 diligenter
1749 2655 1827 2706 et
1884 2645 2235 2709 sentinam
2299 2645 2492 2706 urbis

411 2758 769 2820 exhauriri
831 2769 902 2821 et
961 2758 1208 2821 Italiae
1236 2800 1241 2804 -
1270 2758 1722 2851 solitudinem
1785 2757 2225 2840 frequentari
2288 2778 2491 2840 posse

410 2871 825 2934 arbitrabar.
873 2873 1000 2933 sed
1044 2872 1220 2934 haec
1265 2883 1417 2935 tota
1463 2891 1576 2934 res
1622 2872 2074 2953 interpellata
2137 2872 2328 2934 bello
2389 2891 2490 2933 re·

409 2982 722 3047 frixerat.
773 2984 1101 3048 Metellus
1148 2996 1252 3048 est
1299 2985 1543 3048 consul
1588 3004 1758 3047 sane
1805 2987 2034 3047 bonus
2084 2995 2153 3047 et
2201 3005 2326 3048 nos
2373 2987 2490 3047 ad-

410 3098 690 3161 modum
737 3098 1001 3181 diligit;
1052 3097 1169 3160 ille
1215 3099 1395 3161 alter
1440 3099 1537 3160 nil
1586 3099 1684 3162 ita
1730 3109 1854 3173 est,
1917 3110 1993 3162 ut
2039 3100 2271 3180 plane,
2322 3099 2490 3180 quid

411 3210 676 3283 emerit,
724 3211 1008 3274 nesciat.
1056 3212 1232 3273 haec
1277 3223 1447 3275 sunt·
1487 3211 1559 3273 in
1605 3231 1681 3273 re
1726 3212 2051 3293 publica3
2098 3212 2230 3273 nisi
2279 3211 2489 3275 etiam

409 3323 583 3385 illud
629 3325 721 3385 ad
769 3343 913 3385 rem
960 3324 1318 3406 publicam
1363 3335 1571 3406 putas
1617 3325 1989 3406 pertinere,
2053 3324 2488 3387 Herennium

413 3436 780 3517 quendam,
826 3437 1184 3517 tribunum
1215 3437 1465 3519 plebis,
1514 3437 1842 3500 tribulem
1888 3448 2103 3513 tuum,
2155 3458 2324 3501 sane
2369 3438 2488 3501 ho·

412 3547 666 3610 minem
729 3568 1031 3630 nequam
1091 3561 1305 3631 atque
1365 3558 1714 3632 egentem,
1777 3569 1991 3632 saepe
2054 3551 2192 3613 iam
2258 3553 2346 3613 de
2410 3552 2487 3614 P.

414 3658 664 3724 Clodio
712 3664 802 3724 ad
849 3663 1128 3743 plebem
1174 3663 1610 3724 traducendo
1658 3682 1876 3745 agere
1924 3667 2262 3745 coepisse.
2324 3664 2488 3727 huic

414 3772 819 3855 frequenter
865 3775 1343 3838 interceditur.
1404 3778 1582 3838 haec
1628 3786 1811 3851 sunt,
1859 3788 1937 3840 ut
1972 3777 2244 3858 opinor,
2293 3777 2364 3838 in
2412 3797 2488 3839 re

311 3911 367 3948 30
414 3887 715 3966 publica.

621 4000 806 4084 Ego
868 4013 1181 4077 autem,
1245 4013 1321 4064 ut
1367 4003 1581 4063 semel
1630 4023 1970 4065 nonarum
2027 4004 2301 4064 illarum
2349 4002 2485 4064 De·
2561 4025 2571 4039 ·

419 4114 794 4175 cembrium
854 4114 1161 4177 iunctam
1223 4114 1489 4176 invidia
1551 4135 1633 4177 ac
1691 4116 2065 4178 multorum
2112 4115 2487 4177 inimicitiis
