3025 4825
1173 380 1248 431 ad
1288 377 1411 435 Att.
1436 383 1593 438 -V11.
1628 383 1679 436 3.
2376 389 2464 452 63

385 575 834 652 consistebat,
883 573 1215 638 defensus
1259 586 1545 657 postero
1609 596 1793 641 anno
1856 598 1995 641 non
2040 582 2244 643 sum?
2338 599 2463 643 cur

384 687 752 771 imperium
819 689 919 753 illi
979 700 1100 753 aut
1160 711 1282 754 cur
1339 689 1458 755 illo
1522 692 1730 755 modo
1792 702 2250 775 prorogatum
2311 697 2460 757 est?

384 822 508 863 cur
554 811 747 866 tanto
794 823 1008 886 opere
1053 814 1448 888 pugnatum
1493 814 1620 880 est,
1680 814 1759 866 ut
1822 805 1910 867 de
1956 804 2107 866 eius
2152 806 2464 868 absentis

382 915 654 979 ratione
698 917 1027 979 habenda
1073 919 1315 981 decem
1364 916 1628 981 tribuni
1671 918 1767 1000 pl.
1813 916 2123 982 ferrent?
2185 918 2299 979 his
2344 917 2462 981 ille

301 1049 328 1084 5
382 1029 596 1090 rebus
658 1028 754 1091 ita
814 1029 1191 1105 convaluit,
1253 1039 1331 1093 ut
1401 1050 1585 1093 nunc
1645 1029 1716 1093 in
1777 1051 1915 1094 uno
1962 1030 2102 1094 civi
2144 1050 2311 1113 spes
2372 1031 2461 1092 ad

269 1602 327 1638 10

269 2740 325 2774 20

381 1140 844 1203 resistendum
890 1141 1012 1212 sit;
1063 1142 1183 1223 qui
1227 1144 1506 1206 mallem
1553 1152 1784 1206 tantas
1829 1142 1897 1205 ei
1925 1141 2114 1205 vires
2160 1163 2300 1207 non
2348 1143 2458 1205 de·

382 1252 600 1315 disset
645 1274 850 1335 quam
899 1275 1082 1318 nunc
1131 1265 1272 1317 tam
1317 1254 1583 1320 valenti
1627 1254 2006 1319 resisteret.
2081 1257 2229 1333 sed,
2300 1276 2465 1338 quo·
2518 1267 2542 1295 ,-

382 1366 570 1428 niam
616 1386 728 1429 res
772 1386 858 1430 eo
906 1368 1209 1432 deducta
1253 1378 1379 1445 est,
1430 1388 1571 1432 non
1617 1387 1969 1451 quaeram,
2039 1379 2115 1432 ut
2175 1366 2460 1432 scribis:

826 1481 978 1541 Ποῦ
1021 1474 1272 1563 σκάφος
1314 1474 1389 1542 τὸ
1436 1483 1569 1542 τῶν
1602 1472 2019 1564 Ἀτρειδῶν,·

384 1592 597 1655 mihi
657 1586 984 1676 σκάφος
1044 1614 1303 1657 unum
1363 1596 1559 1674 erit,
1620 1596 1863 1676 quod
1923 1614 1966 1656 a
2031 1594 2461 1676 Pompeio

379 1706 1074 1790 gubernabitur.
1128 1706 1300 1770 illud
1347 1706 1579 1789 ipsum
1624 1708 1812 1789 quod
1858 1706 1996 1771 ais:
2034 1698 2253 1789 eQuid
2318 1705 2462 1783 fiet,

382 1840 541 1882 cum
601 1821 733 1883 erit
794 1820 1090 1885 dictum:
1151 1820 1304 1897 Dm,
1352 1820 1453 1885 M.
1497 1820 1771 1886 Tv1.1.1?'
1819 1859 1906 1866 —-
1951 1814 2279 1900 σύντομαε
2315 1812 2461 1884 Ὃκ.

382 1932 667 1994 Poupmo
714 1931 1101 1996 AssENT1oR.’
1160 1934 1386 2015 ipsum
1449 1943 1683 1996 tamen
1731 1931 2141 2014 Pompeium
2185 1952 2460 2015 separa-

382 2044 505 2107 tim
537 2048 625 2107 ad
658 2044 1102 2109 concordiam
1133 2047 1488 2110 hortabor.
1523 2045 1624 2108 sic
1656 2045 1841 2108 enim
1870 2044 2119 2122 sentio,
2152 2045 2466 2108 maximo

314 2181 326 2203 ›
382 2158 455 2218 in
501 2156 814 2239 periculo
861 2178 1007 2220 rem
1040 2178 1212 2221 esse.
1262 2178 1389 2222 vos
1433 2157 1703 2221 scilicet
1732 2159 1955 2239 plura,
2005 2158 2123 2239 qui
2168 2157 2240 2219 in
2286 2160 2462 2221 urbe

380 2270 568 2332 estis.
659 2291 901 2333 verum
948 2279 1176 2333 tamen
1239 2273 1374 2334 hoc
1421 2270 1652 2346 video,
1714 2290 1870 2333 cum
1916 2269 2199 2333 homine
2246 2271 2464 2334 auda-

381 2384 658 2448 cissimo
706 2384 1290 2467 paratissimoque
1337 2383 1698 2468 negotium
1748 2402 1923 2460 esse,
1988 2403 2231 2447 omnes
2277 2384 2465 2448 dam-

381 2498 665 2562 natione
728 2496 1254 2581 ignominiaque
1317 2497 1575 2580 dignos
1635 2496 1798 2560 illac
1860 2496 2118 2572 facere,
2184 2517 2461 2559 omnem

379 2611 532 2674 fere
565 2612 1016 2687 iuventutem,
1064 2631 1339 2675 omnem
1389 2609 1580 2674 illam
1611 2613 1950 2674 urbanam
1997 2631 2080 2674 ac
2112 2609 2459 2693 perditam

380 2725 682 2806 plebem,
731 2725 1050 2786 tribunos
1095 2725 1410 2787 valentes
1468 2723 1709 2788 addito
1759 2723 1832 2786 C.
1883 2723 2147 2801 Cassio,
2197 2743 2461 2799 omneS,

381 2836 502 2917 qui
533 2856 696 2898 aere
729 2835 960 2900 alieno
991 2846 1418 2918 premantur,
1452 2857 1627 2918 quos
1657 2836 1881 2919 pluris
1912 2856 2066 2899 esse
2099 2835 2458 2919 intelleg0,

381 2968 591 3028 quam
635 2958 958 3029 putaram
1005 2949 1315 3030 (causam
1362 2950 1589 3011 solum
1639 2947 1759 3010 illa
1791 2968 2005 3011 causa
2051 2968 2191 3010 non
2222 2948 2460 3022 habet,

377 3061 630 3124 ceteris
676 3063 887 3124 rebus
933 3061 1295 3146 abundat),
1341 3061 1454 3125 hic
1503 3061 1735 3125 omnia
1781 3059 2014 3123 facere
2062 3080 2322 3137 omnes,
2371 3081 2458 3123 ne

379 3175 593 3237 armis
660 3177 1107 3246 decernatur:
1179 3194 1470 3256 quorum
1540 3174 1774 3237 exitus
1842 3193 2120 3256 semper
2190 3173 2458 3249 incerti,

271 3306 327 3342 εἰ»
379 3307 565 3349 nunc
611 3307 778 3351 vero
828 3287 1035 3349 etiam
1098 3287 1167 3348 in
1214 3287 1506 3350 alteram
1554 3295 1824 3368 partem
1871 3284 2102 3368 magis
2148 3284 2457 3347 timendi.

265 3871 329 3907 30

555 3399 854 3462 Bibulus
900 3401 986 3462 de
1019 3398 1383 3481 provincia
1415 3398 1735 3475 decessit,
1762 3397 2226 3461 Veientonem
2258 3415 2455 3479 prae-

380 3513 581 3586 fecit;
644 3513 713 3575 in
775 3514 1183 3576 decedendo
1247 3513 1397 3590 erit,
1458 3522 1537 3574 ut
1593 3511 1822 3587 audio,
1872 3511 2157 3576 tardior.
2250 3529 2456 3593 quem

379 3647 536 3689 cum
583 3626 858 3690 ornavit
904 3625 1096 3700 Cato,
1146 3625 1531 3688 declaravit
1591 3625 1674 3687 iis
1732 3645 1810 3687 se
1855 3624 2025 3687 solis
2084 3644 2224 3688 non
2286 3623 2454 3685 invi-

380 3743 565 3816 dere,
632 3738 883 3821 quibus
945 3738 1114 3800 nihil
1176 3750 1297 3801 aut
1358 3758 1498 3801 non
1547 3739 1835 3799 multum
1899 3741 1991 3800 ad
2038 3736 2454 3821 dignitatem

379 3863 620 3934 posset
663 3853 1019 3917 accedere.

553 3965 757 4027 Nunc
801 4003 888 4010 ——-
932 3963 1129 4027 fere
1190 3963 1417 4026 enim
1475 3963 1915 4044 respondi
1979 3963 2159 4025 tuis
2218 3962 2451 4025 litte·
2508 3968 2545 4020 6

380 4078 506 4140 ris
583 4078 681 4140 de
751 4097 841 4139 re
902 4077 1280 4158 publica
1344 4087 1431 4138 et
1505 4076 1636 4153 iis,
1708 4095 1926 4157 quas
1996 4075 2080 4138 in
2147 4077 2450 4138 subur·
