3025 4825
294 1657 349 1694 10

296 2221 348 2259 15

296 2788 351 2825 20

298 3351 355 3390 25

1219 424 1295 477 ad
1331 422 1465 479 fam.
1502 425 1552 477 Ι.
1588 427 1639 478 8.
2387 427 2477 490 35

396 616 615 678 ullum
663 613 974 679 officium
1007 636 1180 700 erga
1224 627 1295 681 te
1324 618 1625 681 hominis
1657 618 2132 695 amantissimi,
2177 619 2474 701 pruden-

394 709 663 803 tissimi,
712 729 1230 811 diligentissimi
1275 730 1768 812 praetermisit.

574 841 695 902 Ex
742 843 1047 904 eodem
1095 845 1198 905 de
1245 853 1438 907 toto
1498 853 1744 907 statu
1789 862 2075 906 rerum
2125 863 2474 907 commu-

397 954 629 1015 nium
707 974 1241 1037 cognosces;
1320 975 1545 1037 quae
1622 956 1939 1038 quales
2014 956 2234 1032 sint,
2310 977 2477 1019 non

398 1066 680 1129 facile
743 1081 876 1132 est
937 1069 1380 1132 scribere:
1426 1080 1587 1132 sunt
1634 1070 1918 1151 quidem
1963 1080 2153 1132 certe
2197 1069 2268 1131 in
2314 1069 2477 1131 ami·

397 1199 640 1243 corum
708 1193 1102 1245 nostrorum
1169 1192 1544 1263 potestate,
1612 1193 1825 1265 atque
1891 1183 2011 1258 ita,
2081 1191 2158 1244 ut
2217 1182 2478 1245 nullam

399 1294 853 1357 mutationem
903 1314 1213 1378 unquam
1257 1296 1391 1357 hac
1437 1294 1796 1358 hominum
1856 1306 2090 1359 aetate
2150 1295 2479 1359 habitura

398 1426 511 1467 res
556 1426 708 1469 esse
755 1407 1099 1471 videatur.
1146 1428 1282 1491 ego
1328 1407 1631 1489 quidem,
1695 1418 1772 1471 ut
1818 1409 2045 1472 debeo
2092 1420 2164 1472 et
2210 1417 2285 1471 ut
2328 1418 2480 1472 tute

400 1520 568 1582 mihi
614 1521 1037 1602 praecepisti
1101 1534 1170 1584 et
1231 1531 1306 1584 ut
1366 1539 1476 1582 me
1523 1520 1753 1601 pietas
1814 1522 2219 1604 utilitasque
2265 1523 2479 1605 cogit,

402 1654 512 1696 me
556 1635 648 1696 ad
694 1634 843 1696 eius
887 1634 1196 1697 rationes
1243 1633 1574 1717 adiungo,
1639 1654 1843 1716 quem
1905 1646 1982 1699 tu
2042 1636 2115 1697 in
2160 1636 2330 1698 meis
2374 1655 2480 1698 ra·

398 1747 710 1811 tionibus
755 1748 887 1810 tibi
933 1766 1085 1809 esse
1131 1746 1660 1829 adiungendum
1706 1750 2005 1829 putasti:
2052 1750 2177 1810 sed
2222 1759 2294 1812 te
2339 1768 2481 1811 non

400 1860 758 1941 praeterit,
826 1879 1037 1940 quam
1097 1859 1187 1921 sit
1245 1857 1538 1921 difficile
1581 1879 1861 1922 sensum
1918 1860 1990 1921 in
2050 1879 2126 1922 re
2171 1859 2481 1941 publica,

398 1973 813 2054 praesertim
846 1984 1113 2035 rectum
1159 1984 1230 2035 et
1261 1970 1767 2048 confirmatum,
1817 1974 2191 2054 deponere.
2239 1992 2480 2036 verum

397 2099 635 2149 tamen
707 2086 859 2167 ipse
935 2105 1044 2147 me
1119 2083 1480 2148 conformo
1549 2087 1640 2147 ad
1708 2086 1858 2148 eius
1917 2085 2370 2163 voluntatem,
2440 2107 2483 2148 a

401 2219 542 2281 quo
588 2200 881 2261 honeste
929 2197 1296 2260 dissentire
1343 2217 1483 2261 non
1528 2218 1831 2280 possum,
1879 2218 2108 2280 neque
2155 2199 2226 2260 id
2272 2198 2480 2275 faci0‚

399 2322 477 2376 ut
525 2309 820 2374 forsitan
881 2311 1301 2393 quibusdam
1345 2311 1610 2387 videar,
1672 2310 2147 2385 simulatione;
2210 2322 2478 2375 tantum

400 2425 586 2487 enim
632 2426 844 2487 animi
889 2425 1200 2488 inductio
1261 2433 1332 2487 et
1376 2425 1776 2487 mehercule
1822 2445 2019 2488 amor
2063 2445 2236 2508 erga
2282 2426 2480 2490 Pom·

401 2539 636 2620 peium
699 2540 889 2620 apud
950 2558 1061 2601 me
1119 2538 1331 2615 valet,
1394 2549 1490 2613 ut,
1554 2557 1737 2620 quae
1798 2538 1898 2599 illi
1945 2538 2144 2601 utilia
2189 2549 2352 2601 sunt
2412 2549 2483 2601 et

402 2671 585 2732 quae
630 2651 749 2713 ille
795 2651 966 2726 vult,
1015 2670 1099 2713 ea
1146 2651 1312 2712 mihi
1362 2651 1597 2714 omnia
1643 2650 1780 2712 iam
1843 2663 1913 2714 et
1959 2661 2152 2713 recta
2199 2663 2270 2714 et
2316 2670 2483 2714 vera

400 2765 806 2836 videantur;
869 2782 1118 2845 neque,
1182 2774 1255 2825 ut
1300 2782 1439 2846 ego
1485 2763 1809 2836 arbitror,
1857 2776 2173 2827 errarent
2232 2783 2321 2826 ne
2366 2765 2480 2828 ad-

401 2876 697 2939 versarii
758 2875 1041 2958 quidem
1104 2875 1274 2951 eius,
1338 2874 1418 2951 si,
1482 2895 1641 2937 cum
1687 2895 1893 2957 pares
1941 2895 2094 2938 esse
2141 2896 2281 2938 non
2328 2896 2481 2957 pos-

402 3000 577 3063 sent,
624 3008 946 3071 pugnare
978 2988 1413 3052 desisterent.
1463 3008 1573 3050 me
1620 2988 1902 3069 quidem
1950 2989 2162 3052 etiam
2208 2989 2328 3051 illa
2372 3008 2483 3051 res

403 3102 824 3177 consolatur,
873 3102 1066 3183 quod
1112 3121 1250 3184 ego
1313 3100 1371 3162 is
1417 3121 1591 3177 sum,
1654 3101 1767 3163 cui
1812 3102 1925 3163 vel
1971 3102 2277 3164 maxime
2324 3122 2482 3165 con-

404 3216 657 3278 cedant
739 3234 1002 3290 omneS,
1080 3224 1175 3277 ut
1249 3215 1390 3276 vel
1481 3233 1581 3275 ea
1670 3213 2176 3290 defendam,
2257 3235 2483 3297 quae

407 3328 886 3409 Pompeius
933 3326 1185 3402 velit,
1234 3328 1376 3389 vel
1437 3337 1788 3390 taceam
1834 3329 1981 3390 vel
2044 3328 2335 3404 etiam,
2396 3328 2483 3390 id

405 3441 639 3522 quod
715 3439 929 3503 mihi
1005 3440 1385 3502 maxime
1459 3440 1717 3515 libet,
1795 3433 1919 3502 ad'
1971 3455 2283 3504 nostra
2358 3461 2483 3503 me

403 3554 708 3618 studia
785 3551 1173 3615 referam
1249 3553 1801 3618 litterarum.
1892 3552 2084 3635 quod
2159 3552 2482 3635 profecto

405 3666 681 3743 faciam,
728 3667 786 3728 si
835 3666 1002 3728 mihi
1049 3685 1178 3748 per
1223 3666 1534 3728 eiusdem
1566 3666 1944 3730 amicitiam
1989 3667 2251 3730 licebit.
2301 3658 2484 3748 quae

408 3780 590 3842 enim
636 3779 1001 3861 proposita
1047 3777 1277 3842 fuerat
1324 3779 1547 3855 nobiS,
1596 3799 1752 3841 cum
1800 3791 1869 3842 et
1916 3781 2300 3843 honoribus
2346 3800 2486 3842 am-

304 3914 359 3953 30
409 3892 736 3972 plissimis
796 3904 867 3955 et
925 3891 1288 3954 laboribus
1349 3891 1673 3953 maximis
1735 3890 2087 3973 perfuncti
2158 3912 2484 3967 essemuS‚

411 4005 826 4088 dignitas
887 4005 974 4066 in
1038 4003 1535 4067 sententiis
1596 4004 2033 4080 dicendis,
2095 4005 2486 4068 libertas

412 4118 495 4179 in
541 4137 630 4180 re
675 4117 1052 4199 publica
1100 4112 1689 4196 capessenda,
1740 4136 1838 4178 ea
1883 4117 2249 4180 sublata
2292 4128 2487 4180 tota

2278 4235 2347 4286 3³⁸·
