3025 4825
1171 389 1245 442 ad
1283 388 1417 442 fam.
1456 389 1599 442 XII.
1637 388 1690 445 2.
2383 390 2468 455 89

384 602 517 646 nec
563 603 721 646 eum
751 583 1086 659 dolorem,
1136 601 1342 664 quem
1385 583 1474 644 de
1520 601 1597 644 re
1627 580 1915 663 publica
1945 581 2170 664 capio,
2219 583 2468 645 domus

385 698 525 760 iam
588 697 937 763 consolari
1000 705 1236 779 potest
1294 716 1425 758 nec
1486 694 1944 758 domesticum
2003 714 2116 758 res
2160 694 2467 777 publica.

560 810 748 892 Quo
809 809 1096 894 magis
1157 819 1242 872 te
1302 818 1748 890 exspecto
1818 816 2090 890 teque
2151 809 2466 871 videre
2520 815 2557 867 3

385 942 640 1004 quam
684 923 1063 1004 primurn
1108 921 1417 1004 cupi03
1478 921 1703 983 maius
1749 920 1918 983 mihi
1961 920 2303 985 solacium
2348 922 2463 983 ad-

303 1051 330 1087 5
381 1033 571 1097 ferre
634 1034 814 1099 ratio
863 1036 1056 1098 nulla
1116 1045 1352 1117 potest
1398 1053 1608 1116 quam
1652 1033 2054 1097 coniunctio
2103 1042 2465 1095 consuetu-

383 1146 568 1209 dinis
598 1167 1132 1230 sermonumque
1165 1157 1594 1219 nostrorum3
1643 1164 2064 1227 quamquam
2094 1145 2468 1226 sperabam

384 1270 579 1323 tuum
625 1262 1004 1324 adventum
1049 1259 1172 1343 (sie
1220 1260 1405 1323 enim
1436 1257 1837 1344 audiebam)
1874 1259 2465 1341 appropinquare.

382 1393 523 1457 ego
586 1383 819 1436 autem
881 1393 1038 1436 cum
1101 1372 1338 1435 multis
1398 1374 1485 1436 de
1534 1373 1767 1435 causis
1827 1382 1898 1435 te
1945 1383 2211 1454 exopto
2260 1391 2466 1454 quarn

380 1485 683 1568 primum
750 1485 1011 1562 videre,
1076 1495 1221 1547 turn
1282 1485 1495 1549 etiam
1554 1498 1631 1548 ut
1692 1493 1857 1546 ante
1922 1490 2468 1547 commentemur

270 1618 329 1656 ιο
382 1599 566 1661 inter
626 1618 781 1674 nOS,
842 1619 981 1680 qua
1040 1599 1313 1662 ratione
1359 1598 1565 1661 nobis
1609 1598 2121 1661 traducendum
2180 1598 2272 1662 sit
2329 1599 2466 1661 hoc

380 1723 683 1794 tempuS,
732 1713 920 1793 quod
952 1719 1059 1772 est
1086 1719 1311 1773 totum
1359 1711 1451 1773 ad
1482 1709 1692 1772 unius
1727 1711 2164 1774 voluntatem
2195 1730 2466 1774 accom-

381 1825 812 1888 modandum
886 1834 957 1887 et
1031 1823 1397 1905 prudentis
1466 1832 1537 1885 et
1611 1823 1927 1886 liberalis
2000 1833 2089 1900 et,
2168 1833 2246 1886 ut
2318 1843 2466 1904 per·

378 1937 701 2018 spexisse
746 1935 1008 2013 videor,
1059 1956 1187 2000 nec
1235 1958 1278 2000 a
1322 1956 1434 1998 me
1481 1935 1693 1998 alieni
1755 1945 1825 1998 et
1869 1935 2002 1999 tibi
2045 1935 2464 1998 amicissimi.

380 2051 574 2132 quod
619 2069 776 2112 cum
824 2050 921 2113 ita
966 2050 1076 2126 sit,
1125 2068 1428 2133 magnae
1475 2057 1709 2111 tamen
1757 2058 1865 2111 est
1910 2048 2463 2125 deliberationis,

270 2183 327 2222 15
379 2182 566 2245 quae
626 2163 805 2227 ratio
872 2163 964 2227 sit
1027 2162 1332 2226 ineunda
1393 2162 1600 2225 nobis
1660 2182 1801 2225 non
1864 2164 2127 2246 agendi
2173 2162 2460 2244 aliquid,

377 2278 507 2338 sed
569 2276 755 2338 illius
817 2295 1156 2339 concessu
1220 2287 1289 2338 et
1350 2273 1697 2338 beneficio
1763 2274 2188 2358 quiescendi.
2257 2274 2461 2338 Vale.

379 2711 460 2809 c)
518 2709 792 2787 Briefe
850 2733 997 2786 aus
1056 2712 1206 2787 der
1260 2710 1439 2787 Zeit
1508 2712 1659 2787 der
1714 2711 2063 2808 Kampfe
2133 2734 2271 2787 um
2331 2712 2462 2787 die

626 2838 1499 2940 Wiederherstellung
1557 2843 1707 2918 der
1761 2842 2198 2939 Republik.

375 3204 490 3271 39.
553 3209 670 3282 (Ad
716 3209 854 3264 fam.
902 3210 1069 3276 XII„
1117 3209 1199 3281 2.)
1269 3241 1356 3250 —-
1426 3209 1550 3266 Ser.
1598 3212 1819 3265 Romae
1881 3212 2034 3265 inter
2080 3212 2253 3267 XIII.
2301 3211 2358 3267 k.
2406 3218 2464 3265 et

840 3323 956 3377 III.
1004 3340 1141 3378 non.
1189 3322 1316 3380 Oet.
1366 3341 1419 3380 a.
1466 3341 1525 3380 u.
1573 3342 1622 3378 e.
1677 3325 1797 3378 710
1851 3323 2003 3396 (44).

901 3473 1296 3540 CICERO
1346 3427 1709 3540 CASSIO
1756 3474 1958 3541 sAL.

554 3629 1167 3694 Vehementer
1234 3631 1531 3694 laetor
1600 3631 1771 3694 tibi
1838 3633 2216 3712 probari
2283 3651 2463 3694 sen·
2518 3642 2547 3693 1

376 3744 770 3807 tentiam
831 3754 916 3806 et
976 3744 1478 3808 orationem
1539 3763 1839 3817 meam;
1891 3737 2029 3826 qua
2072 3744 2134 3806 si
2179 3745 2464 3826 saepius

377 3856 483 3919 uti
548 3856 814 3932 liceret,
884 3855 1057 3918 nihil
1125 3867 1310 3920 esset
1379 3843 1647 3940 negotii
1712 3857 2112 3920 libertatem
2179 3868 2249 3920 et
2315 3876 2463 3920 rem

270 3986 330 4023 20
377 3968 739 4051 publicam
783 3989 1222 4051 recuperare.
1269 3972 1425 4032 sed
1469 3972 1726 4033 homo
1776 3989 2076 4033 amens
2137 3980 2222 4033 et
2279 3990 2462 4051 per·

381 4083 628 4146 ditus
698 4083 1153 4164 multoque
1224 4083 1608 4164 nequior
1676 4103 1927 4164 quam
2003 4084 2164 4146 ille
2243 4083 2460 4166 ipse,
