3025 4825
1232 380 1306 433 ad
1347 380 1471 433 Att.
1510 380 1650 439 ¹VII.
1687 380 1737 433 3.
2436 382 2523 444 65

447 573 983 637 Flumentanam
1031 572 1311 635 Caelius
1357 574 1739 654 occuparit,
1803 593 1939 656 ego
2002 573 2336 636 Puteolos
2382 594 2521 635 non

447 707 641 749 meos
686 686 960 749 faciam.

619 798 892 862 Venio
941 800 1048 860 ad
1083 789 1535 874 ePiraeea’‚
1586 797 1655 859 in
1703 818 1841 879 quo
1890 797 2119 880 magis
2149 798 2521 878 reprehen-
2560 811 2629 863 10

446 911 716 972 dendus
761 930 938 986 sum,
989 912 1176 992 quod
1206 911 1418 973 homo
1451 909 1814 972 Romanus
1849 902 1937 972 ‘P
1958 899 2274 971 iraeea’
2308 908 2519 990 scrip-

369 1052 395 1088 5
443 1021 673 1098 serim,
723 1042 860 1085 non
899 1014 1364 1085 ‘Piraeum’
1418 1020 1550 1107 (sic
1596 1023 1782 1085 enim
1842 1041 2086 1085 omnes
2146 1020 2365 1084 nostri
2424 1022 2519 1084 lo·

445 1133 587 1196 cuti
629 1132 841 1219 sunt),
892 1155 1102 1216 quam
1147 1127 1476 1217 quod‘in’
1513 1135 1925 1202 addiderim.
1973 1156 2112 1199 non
2158 1124 2345 1197 eni'm
2386 1135 2523 1198 hoc

444 1257 519 1307 ut
565 1247 828 1327 oppido
875 1247 1277 1329 praeposui,
1325 1252 1449 1310 sed
1498 1258 1575 1310 ut
1618 1249 1795 1310 loco,
1858 1258 1929 1309 et
1974 1258 2207 1309 tamen
2254 1245 2522 1328 Diony-

441 1359 587 1420 sius
633 1368 868 1422 noster
915 1371 1004 1436 et,
1071 1360 1189 1441 qui
1253 1370 1358 1422 est
1398 1359 1790 1436 nobiscum,
1851 1357 2091 1422 Nicias
2138 1358 2322 1422 Cous
2382 1379 2521 1421 non

441 1470 730 1534 rebatur
776 1471 1117 1554 oppidum
1177 1492 1332 1535 esse
1381 1473 1698 1535 Piraeea.
1788 1474 1915 1534 sed
1978 1472 2065 1533 de
2126 1491 2208 1534 eo
2256 1470 2518 1534 videro.

337 1605 390 1642 10
442 1592 755 1646 nostrum
814 1583 1095 1664 quidem
1153 1586 1214 1647 si
1275 1595 1383 1654 est
1442 1597 1832 1667 peccatum,
1897 1584 1967 1645 in
2028 1604 2110 1646 eo
2159 1595 2284 1660 est,
2334 1585 2520 1664 quod

441 1716 580 1757 non
629 1706 705 1758 ut
751 1699 838 1759 de
886 1697 1153 1779 oppido
1199 1699 1476 1762 locutus
1520 1717 1695 1775 sum,
1765 1699 1892 1759 sed
1954 1707 2032 1758 ut
2078 1698 2165 1758 de
2214 1698 2369 1759 loco
2416 1716 2517 1786 se·

440 1819 783 1889 cutusque
829 1827 1004 1886 sum,
1054 1830 1194 1873 non
1243 1811 1399 1874 dico
1449 1809 1864 1874 Caecilium:

516 1949 802 2021 ‘Mane
850 1971 940 2021 ut
989 1979 1095 2021 ex
1142 1972 1404 2040 portu
1451 1960 1537 2020 in
1583 1948 2011 2021 Piraeum’

438 2085 690 2172 (malus
736 2089 922 2149 enim
970 2099 1212 2151 auctor
1258 2087 1658 2151 Latinitatis
1706 2084 1859 2172 est),
1923 2090 2045 2149 sed
2092 2087 2515 2165 Terentium,

335 2222 387 2258 15
437 2202 632 2262 cuius
680 2199 988 2263 fabellae
1021 2213 1311 2283 propter
1343 2201 1769 2282 elegantiam
1802 2201 2142 2264 sermonis
2173 2204 2514 2283 putaban-

436 2326 550 2375 tur
595 2333 637 2374 a
687 2312 762 2377 C.
809 2313 1051 2376 Laelio
1099 2315 1340 2376 scribi:

543 2445 760 2532 Heri
825 2446 1185 2526 aliquot
1247 2445 1930 2507 adulescentuli
1994 2445 2367 2508 colimus
2430 2447 2515 2507 in

726 2536 728 2539 ’
1969 2540 2424 2633 Piraeum’,

438 2679 509 2730 et
554 2669 776 2733 idern:

427 2798 910 2871 ‘Mercator
972 2811 1129 2871 hoc
1192 2810 1605 2884 addebat,
1678 2818 2031 2889 captam
2096 2828 2133 2870 e
2195 2799 2513 2872 Sunio'.

330 2956 385 2992 2³0
437 2938 642 3019 Quod
687 2939 744 3001 si
794 2931 1045 3018 δήμους
1090 2939 1354 3019 oppida
1400 2939 1724 3000 volumus
1771 2958 1941 3016 esse,
1989 2949 2131 3001 tam
2180 2949 2281 3001 est
2316 2940 2511 3020 oppi-

436 3053 599 3113 dum
645 3050 938 3114 Sunium
987 3071 1193 3132 quam
1244 3051 1553 3115 PiraeuS.
1601 3052 1745 3126 sed,
1796 3051 2123 3132 quoniam
2170 3071 2515 3133 gramma—

433 3158 752 3237 ticus'eS,
799 3163 856 3225 si
902 3165 1037 3226 hoc
1084 3164 1251 3224 mihi
1299 3156 1549 3243 ζήτημα
1594 3163 2037 3245 persolveriS,
2100 3184 2359 3247 magna
2403 3184 2514 3226 me

434 3276 754 3340 molestia
799 3277 1141 3339 liberaris,
1386 3349 1390 3352 Α
1430 3356 1433 3359 ¹
2341 3357 2343 3359 ‚

607 3390 777 3452 Ille
824 3390 1038 3452 mihi
1084 3390 1462 3452 litteras
1509 3390 1892 3452 blandas
1925 3390 2239 3464 mittit;
2288 3390 2515 3453 facit
2551 3400 2616 3452 11

330 3520 385 3556 εἱ»
435 3503 661 3564 idem
707 3523 869 3583 pro
918 3522 1019 3565 eo
1066 3502 1432 3564 Balbus·
1481 3502 1647 3563 mihi
1681 3513 1947 3565 certum
1986 3513 2091 3565 est
2152 3504 2243 3565 ab
2300 3505 2511 3566 hone·

433 3614 735 3676 stissima
782 3615 1131 3677 sententia
1181 3614 1479 3697 digitum
1544 3634 1903 3695 nusquam.
1997 3617 2121 3676 sed
2188 3616 2344 3689 scis,
2414 3616 2512 3676 illi

431 3724 775 3808 'reliquum
847 3739 1184 3808 quantum
1265 3728 1374 3790 sit.
1466 3738 1767 3808 putasne
1842 3727 2060 3809 igitur
2126 3729 2510 3790 verendum

433 3859 606 3914 esse,
645 3856 742 3902 ‘ne
791 3850 912 3901 aut
957 3839 1219 3902 obiciat
1279 3839 1350 3900 id
1398 3840 1601 3901 nobis
1648 3840 1918 3920 aliquis,
1983 3839 2055 3901 si‘
2085 3839 2507 3923 languidiuS,

433 3964 552 4015 aut
599 3964 894 4032 repetat,
942 3952 1000 4013 si
1048 3950 1340 4014 fortius?
1391 3951 1578 4032 Quid
1625 3953 1716 4013 ad
1760 3953 1935 4013 haec
1983 3951 2289 4032 reperis?
2327 3942 2506 4014 ‘Sol-

327 4086 382 4123 30
432 4055 715 4145 vamus’,
763 4064 1009 4146 inquis,
1080 4065 1264 4147 Age,
1312 4084 1355 4126 a
1401 4063 1641 4127 Caelio
1689 4066 2179 4127 mutuabimur.
2247 4066 2382 4126 hoc
2428 4076 2506 4127 tu

538 4184 753 4231 Ausgew.
784 4183 940 4222 Briefe
972 4184 1157 4222 Ciceros
1190 4195 1231 4222 ν.
1263 4184 1530 4234 Gschwind,
1562 4184 1791 4224 Textheft.
2298 4182 2332 4231 5
