3025 4825
604 361 691 425 90
1386 360 1461 414 ad
1497 359 1633 414 fam.
1670 359 1815 415 XII.
1852 360 1904 414 2.

596 573 845 637 quem
878 566 972 617 tu
1004 554 1649 636 nequissimum
1681 554 2069 618 occisum
2099 574 2293 618 esse
2327 556 2682 632 dixisti,

596 668 903 731 caedis
975 667 1336 731 initium
1413 668 1771 749 quaerit
1839 670 2240 751 nullamque
2308 670 2516 732 aliam
2586 673 2681 735 ob

593 800 877 843 causam
945 799 1056 842 me
1124 790 1483 845 auctorem
1550 779 1765 843 fuisse
1828 779 2147 846 Caesaris
2215 778 2681 846 interficiendi

594 893 1017 969 criminatur,
1065 893 1197 955 nisi
1243 905 1322 956 ut
1367 894 1440 955 in
1483 914 1596 956 me
1628 894 1958 972 ‚veterani
2004 894 2400 959 incitentur.
2491 896 2681 976 quod

593 1025 733 1089 ego
808 1006 1196 1088 periculum
1270 1026 1409 1068 non
1484 1007 1891 1082 extimesco,
1957 1008 2164 1070 modo
2224 1007 2441 1070 vestri
2506 1006 2681 1070 facti

588 1119 892 1202 gloriam
941 1139 1099 1181 cum
1146 1138 1305 1181 mea
1348 1120 1561 1182 laude
1606 1120 2088 1183 communicet.
2165 1120 2301 1184 ita
2346 1140 2507 1182 nec
2552 1120 2679 1183 Pi-

591 1253 685 1296 so
703 1232 810 1306 ni,
874 1233 991 1313 qui
1051 1232 1123 1294 in
1184 1251 1344 1295 eum
1389 1232 1654 1316 primus
1700 1233 2018 1297 invectus
2065 1243 2169 1296 est
2215 1232 2402 1296 nullo
2447 1253 2678 1296 assen-

590 1346 827 1421 tiente,
876 1365 1035 1409 nec
1081 1346 1321 1422 mihi,
1371 1346 1488 1428 qui
1533 1346 1720 1409 idern
1751 1346 2103 1410 tricesimo
2150 1356 2313 1428 post
2358 1346 2473 1409 die
2519 1344 2676 1421 feci,

593 1477 754 1521 nec
801 1458 879 1521 P.
928 1457 1351 1534 Servilio,
1400 1459 1519 1540 qui
1567 1478 1677 1521 me
1723 1468 1830 1521 est
1859 1469 2296 1536 consecutuS‚
2342 1469 2542 1523 tuto
2588 1459 2677 1520 in

589 1582 988 1635 senatum
1032 1571 1346 1634 venire
1406 1572 1650 1636 licet.
1742 1573 2031 1635 caedem
2092 1572 2278 1634 enim
2322 1571 2677 1655 gladiator

591 1684 862 1766 quaerit
907 1685 1194 1766 eiusque
1240 1682 1515 1747 initium
1561 1705 1624 1746 a.
1672 1685 1739 1747 d.
1784 1706 1920 1747 xm.
1965 1685 2109 1747 kal.
2143 1683 2431 1749 Octobr.
2476 1704 2519 1746 a
2564 1702 2676 1746 me

588 1817 665 1861 se
708 1797 1060 1862 facturum
1106 1797 1403 1880 putavit,
1450 1799 1543 1861 ad
1590 1816 1796 1880 quem
1839 1808 2129 1879 paratus
2159 1808 2470 1874 venerat,
2516 1816 2676 1859 cum

587 1912 658 1973 in
703 1911 874 1973 villa
920 1910 1192 1974 Metelli
1243 1912 1639 1993 complures
1700 1911 1851 1973 dies
1896 1920 2411 1976 commentatus
2470 1921 2674 1974 esset.

590 2043 770 2105 quae
816 2032 1051 2087 autem
1100 2024 1171 2085 in
1217 2024 1454 2086 lustris
1499 2034 1571 2087 et
1618 2024 1690 2086 in
1721 2024 1886 2086 vino
1919 2023 2413 2088 commentatio
2446 2023 2677 2105 potuit

589 2141 785 2201 esse?
862 2138 1101 2218 itaque
1172 2136 1495 2200 omnibus
1570 2147 1674 2200 est
1740 2136 1951 2213 visus,
2030 2146 2107 2199 ut
2176 2136 2266 2198 ad
2331 2146 2403 2200 te
2463 2146 2674 2198 antea

587 2249 851 2332 scripsi,
902 2268 1187 2312 vomere
1233 2269 1360 2313 suo
1410 2268 1623 2325 more,
1672 2269 1813 2312 non
1860 2249 2107 2313 dicere.

497 2369 533 2422 2
764 2361 1022 2444 Quare,
1074 2364 1263 2445 quod
1307 2362 1556 2426 scribis
1617 2372 1688 2426 te
1735 2360 2089 2427 confidere
2136 2362 2556 2427 auctoritate
2602 2372 2675 2426 et

589 2476 991 2557 eloquentia
1036 2486 1276 2539 nostra
1323 2476 1587 2557 aliquid
1646 2473 1895 2559 profici
1956 2496 2183 2558 posse,
2233 2496 2336 2539 no
2357 2474 2671 2549 nnihil,

592 2600 665 2652 ut
711 2590 782 2651 in
812 2590 1029 2654 tantis
1059 2589 1280 2665 maliS,
1328 2608 1368 2651 e
1384 2608 1417 2650 s
1435 2601 1463 2651 t
1509 2609 1557 2670 p
1575 2609 1608 2650 r
1627 2610 1669 2651 o
1686 2586 1721 2650 f
1732 2608 1772 2651 e
1790 2609 1828 2651 c
1843 2599 1873 2652 t
1890 2610 1936 2650 u
1953 2608 2056 2663 m;
2106 2588 2453 2672 intellegit
2486 2588 2671 2650 enim

587 2702 892 2784 populus
950 2700 1320 2765 Romanus
1380 2713 1526 2764 tres
1586 2720 1737 2763 esse
1798 2701 2219 2778 consulares,
2305 2701 2424 2781 qui
2487 2700 2670 2782 quia,

587 2832 771 2894 quae
841 2814 929 2874 de
999 2832 1076 2875 re
1145 2813 1434 2893 publica
1492 2815 1675 2876 bene
1736 2814 2104 2889 senserint,
2175 2813 2396 2876 libere
2455 2813 2672 2877 locuti

587 2926 746 3001 sint,
794 2934 951 2989 tuto
1000 2925 1072 2987 in
1119 2904 1438 2989 senatum
1483 2926 1725 2988 venire
1774 2947 1915 2990 non
1961 2925 2253 3008 possint.
2328 2946 2374 2988 n
2396 2945 2490 2988 ec
2537 2939 2669 2989 est

585 3048 1094 3119 praeterea,
1210 3040 1444 3119 quod
1557 3040 1760 3121 quic
1788 3058 2043 3120 quam
2154 3048 2666 3123 exspectes.

584 3163 789 3214 tuus
835 3151 1069 3213 enim
1099 3153 1682 3216 necessarius
1726 3152 2216 3216 affinitate
2262 3171 2492 3214 nova
2536 3152 2666 3213 de-

582 3265 1011 3328 lectatur.
1104 3246 1341 3347 itaque
1388 3267 1529 3328 iam
1575 3286 1715 3330 non
1777 3277 1880 3329 est
1944 3266 2298 3330 studiosus
2343 3265 2666 3327 ludorum
2718 3312 2741 3326 ,

584 3374 1001 3459 infinitoque
1048 3376 1286 3442 fratris
1331 3378 1436 3443 tui
1479 3380 1734 3461 plausu
1782 3378 2226 3460 dirumpitur.
2273 3377 2452 3440 alter
2497 3378 2665 3441 item

585 3488 819 3553 affinis
885 3490 1085 3555 novis
1152 3470 1667 3556 commentariis
1736 3491 2056 3555 Caesaris
2125 3492 2471 3555 delenitus
2538 3502 2663 3555 est.

583 3605 709 3667 sed
750 3606 930 3668 haec
977 3604 1409 3677 tolerabilia;
1457 3605 1631 3668 illud
1678 3626 1819 3670 non
1864 3605 2252 3682 ferendum,
2301 3606 2491 3686 quod
2536 3615 2661 3678 est,

584 3716 702 3797 qui
769 3727 1006 3781 vestro
1082 3737 1268 3780 anno
1351 3715 1573 3780 filium
1644 3739 1846 3781 suum
1921 3719 2280 3782 consulem
2351 3715 2663 3780 futurum

583 3839 784 3910 putet
842 3831 937 3892 ob
983 3848 1276 3912 eamque
1324 3850 1608 3893 causam
1668 3851 1742 3894 se
1802 3832 1963 3894 huic
2008 3831 2264 3894 latroni
2310 3829 2663 3892 deservire

493 3943 529 3994 3
582 3961 754 4024 prae
800 3961 875 4004 se
921 3940 1122 4005 ferat.
1170 3961 1332 4005 nam
1376 3942 1453 4004 L.
1486 3941 1716 4020 Cotta,
1760 3942 2126 4005 familiaris
2158 3962 2370 4019 meUS,
2421 3940 2662 4018 „fatali

584 4055 886 4135 quadam
954 4055 1506 4136 desperatione“,
1579 4065 1656 4118 ut
1722 4055 1839 4132 ait,
1910 4055 2136 4118 minus
2203 4055 2273 4116 in
2341 4063 2659 4117 senatum

2728 1597 2787 1635 10

2725 2156 2783 2195 15

2722 2724 2780 2761 20

2714 3847 2771 3885 30
