3025 4825
462 2410 491 2462 1
536 2472 545 2480 .

557 399 603 460 4
1357 398 1430 450 ad
1471 396 1595 451 Att.
1633 398 1681 450 Ι.
1728 397 1810 450 14.

556 610 771 671 quam
818 590 889 651 in
936 590 1075 652 tuis
1119 590 1369 654 litteris
1415 599 1485 653 et
1532 601 1814 653 nostrae
1846 589 2378 653 necessitudinis
2424 601 2493 653 et
2537 591 2637 652 rei

556 703 887 785 publicae
962 723 1175 766 causa
1250 704 1970 787 gratulationem
2063 704 2634 785 exspectavi;

556 837 812 898 quam
877 836 1044 900 ego
1106 818 1265 879 abs
1324 828 1410 880 te
1457 817 2197 899 praetermissam
2260 835 2458 879 esse
2521 836 2635 877 ar-

555 931 740 994 bitr
759 953 800 993 o
819 952 872 1005 r,
927 931 1116 1011 quod
1148 950 1493 1006 vererere,
1530 951 1618 993 ne
1649 931 1845 993 cuius
1874 931 2181 993 animum
2220 927 2634 992 offenderes,

550 1045 678 1105 sed
727 1044 905 1107 scito
953 1064 1059 1120 ea,
1108 1063 1289 1125 quae
1337 1064 1464 1106 nos
1509 1065 1640 1126 pro
1687 1044 1914 1106 salute
1960 1043 2235 1126 patriae
2265 1043 2632 1127 gessimus,

552 1157 746 1219 orbis
790 1169 1021 1219 terrae
1062 1157 1322 1219 iudicio
1355 1177 1438 1219 ac
1469 1158 1869 1221 testimonio
1902 1157 2385 1238 comprobari3
2433 1176 2634 1237 quae,

549 1289 712 1331 cum
760 1270 1055 1345 veneriS,
1117 1279 1319 1333 tanto
1368 1270 1661 1332 consilio
1706 1278 2045 1351 tantaque
2106 1268 2322 1331 animi
2370 1268 2635 1351 magni-

549 1382 796 1444 tudine
865 1402 906 1444 a
948 1379 1084 1445 ‘me
1146 1393 1351 1467 gesta
1399 1403 1553 1445 esse
1615 1402 2020 1466 cognosceS,
2090 1392 2165 1444 ut
2224 1381 2355 1445 tibi
2417 1380 2635 1443 multo

548 1495 820 1572 maiori,
871 1516 1081 1577 quam
1114 1494 1497 1558 Africanus
1528 1495 1682 1572 fuit,
1729 1514 1840 1556 me
1872 1514 2013 1557 non
2045 1495 2264 1556 multo
2296 1495 2634 1556 minorem

546 1629 763 1691 quam
810 1608 1127 1672 Laelium
1174 1608 1384 1672 facile
1431 1621 1501 1671 et
1549 1610 1620 1669 in
1665 1628 1740 1670 re
1773 1608 2059 1690 publica
2107 1619 2175 1671 et
2222 1609 2293 1669 in
2327 1607 2632 1669 amicitia

544 1722 958 1784 adiunctum
1008 1742 1162 1785 esse
1209 1723 1503 1805 patiare.
2554 1717 2558 1725 ’

462 2095 467 2101 ’
543 2083 614 2150 ’2.
656 2089 770 2162 (Ad
800 2091 922 2145 Att.
958 2090 1030 2157 L,
1064 2090 1190 2162 14.)
1216 2122 1300 2130 --
1328 2088 1446 2144 Ser.
1480 2092 1700 2145 Romae
1733 2090 1812 2144 id.
1839 2091 2009 2144 Febr.
2046 2108 2101 2146 a.
2134 2109 2191 2145 u.
2225 2109 2275 2145 c..
2313 2091 2433 2144 693
2470 2082 2632 2170 (61).

1055 2239 1222 2303 CIC
1242 2240 1453 2305 ERO
1501 2240 1882 2305 ATTICO
1927 2240 2131 2306 SAL.

758 2397 1051 2474 Vereor,
1099 2417 1186 2460 ne
1233 2397 1553 2479 putidum
1614 2398 1705 2461 sit
1748 2398 2055 2465 scribere
2117 2401 2208 2462 ad
2268 2410 2358 2475 te,
2423 2422 2632 2482 quam

546 2514 675 2575 sim
738 2521 1146 2594 occupatuS,
1209 2512 1334 2572 sed
1394 2521 1633 2574 tamen
1694 2512 1793 2575 ita
1855 2513 2261 2589 distinebar,
2331 2524 2407 2577 ut
2467 2514 2632 2577 huic

545 2626 670 2687 vix
731 2624 1049 2689 tantulae
1111 2625 1453 2706 epistulae
1514 2635 1791 2707 tempus
1850 2627 2216 2689 habuerim
2278 2637 2491 2708 atque
2559 2628 2631 2690 id

543 2747 865 2819 ereptum
912 2758 950 2800 e
997 2737 1282 2800 summis
1329 2738 1933 2820 occupationibus,
1996 2762 2042 2821 p
2059 2740 2131 2801 rvi
2150 2760 2218 2800 m
2235 2759 2276 2801 a
2323 2760 2361 2802 c
2378 2761 2419 2802 o
2439 2761 2484 2802 n
2500 2751 2529 2804 t
2548 2741 2629 2803 io

547 2851 914 2934 Pompei
948 2850 1247 2933 qualis
1279 2849 1636 2928 fuisset,
1683 2852 2021 2934 scripsi
2055 2854 2161 2915 ad
2206 2864 2292 2914 te
2324 2863 2630 2917 antea:

545 2984 689 3025 non
751 2966 1056 3026 iucunda
1115 2964 1403 3041 miseriS,
1473 2964 1700 3025 inanis
1768 2965 2126 3047 improbiS,
2196 2966 2421 3028 beatis
2490 2986 2629 3030 non

538 3087 774 3160 grata,
799 3077 1007 3140 bonis
1040 3097 1177 3139 non
1211 3077 1486 3160 gravis:
1521 3078 1759 3159 itaque
1791 3076 2124 3160 frigebat.
2171 3091 2318 3141 tum
2354 3080 2630 3143 Pisonis

534 3191 850 3275 consulis
896 3190 1200 3272 impulsu
1230 3191 1621 3253 levissimus
1666 3204 1694 3254 t
1712 3192 1848 3257 rib
1867 3212 1911 3254 u
1926 3211 1972 3254 n
1990 3213 2034 3253 u
2051 3212 2084 3254 s
2115 3214 2176 3275 *p
2195 3192 2275 3254 le
2295 3193 2342 3254 b
2361 3192 2378 3254 i
2402 3213 2435 3255 s
2479 3192 2538 3254 F
2556 3214 2626 3254 u-

545 3301 726 3364 fius
788 3303 873 3364 in
936 3304 1444 3373 contionem
1507 3304 1937 3385 producit
1984 3305 2498 3387 Pompeium
2540 3344 2628 3389 -.-

545 3434 659 3477 res
703 3417 1053 3497 agebatur.
1113 3416 1185 3501 in
1247 3416 1435 3478 circo
1482 3415 1830 3479 Flaminio
1894 3428 1964 3481 et
2010 3406 2163 3481 erat
2191 3448 2196 3453 ·
2223 3418 2293 3479 in
2341 3438 2425 3481 eo
2473 3419 2626 3501 ipso

544 3528 700 3589 loco
763 3527 884 3589 illo
947 3528 1060 3590 die
1121 3528 1590 3591 nundinarum
1649 3521 2018 3612 πανήγυρις
2079 3552 2198 3602 -;
2277 3532 2627 3612 quaesivit

546 3659 640 3702 ex
708 3659 815 3717 eo,
883 3642 1426 3725 placeretne
1502 3642 1583 3703 ei
1658 3642 2010 3705 iudices
2084 3663 2128 3703 a
2196 3655 2626 3725 praetore

544 3754 755 3836 legi,
792 3774 929 3835 quo
963 3754 1254 3817 consilio
1287 3754 1791 3837 idemjpraetor
1821 3763 2134 3818 uteretur
2158 3790 2241 3800 -—
2273 3756 2346 3817 id
2392 3768 2623 3820 autem

474 3928 481 3933 ,
545 3876 701 3947 erat
732 3867 820 3928 de
851 3865 1195 3945 Clodiana
1227 3867 1574 3949 religione
1606 3867 1696 3928 ab
1729 3878 1977 3930 senatu
2017 3868 2472 3931 constitutum
2503 3891 2623 3941 -3

459 4001 494 4053 2
544 3988 692 4041 tum
759 3979 1138 4061 Pompeius
1211 3970 1359 4065 μοὲλ””Α
1406 3972 1952 4069 ἄριστόκρατικῶς
2017 3979 2293 4043 locutus
2352 3990 2457 4043 est
2521 4001 2623 4043 se—

547 4101 895 4172 natusque
941 4092 1430 4190 auctoritatem
1477 4092 1612 4153 sibi
1660 4092 1983 4154 omnibus
2028 4092 2100 4153 in
2146 4094 2357 4155 rebus
2403 4094 2623 4170 mallii·

2690 1627 2743 1663 10

2683 2761 2740 2799 15

2680 3328 2737 3364 20

2677 3891 2733 3928 35
