3025 4825
584 371 672 434 50
1363 373 1440 425 ad
1476 375 1611 426 fam.
1650 374 1784 428 XV.
1819 374 1875 427 4.

585 563 810 637 daras,
858 564 1328 639 Athenaeum,
1376 566 1903 647 importunitate
1948 566 2370 630 Athenaidis
2415 569 2671 631 exsilio

585 676 935 754 multatOS,
984 678 1052 738 in
1086 679 1392 741 maxima
1440 679 1630 761 apud
1677 698 1920 762 regem
1950 681 2377 744 auctoritate
2408 681 2669 763 gratia-

585 809 721 871 que
777 791 1124 871 constitui,
1186 812 1482 874 cumque
1543 812 1877 875 magnum
1935 793 2196 857 bellum
2262 793 2333 856 in
2396 791 2666 877 Cappa-

585 904 790 966 docia
839 905 1328 982 concitaretur,
1375 906 1433 967 si
1479 907 1807 969 sacerdos
1853 907 2062 969 armis
2129 927 2225 983 se,
2292 908 2482 990 quod
2530 907 2666 970 fac-

583 1027 782 1079 turus
827 1019 1230 1099 putabatur,
1280 1018 1712 1094 defenderet,
1760 1020 2172 1083 adulescens
2234 1023 2321 1085 et'
2350 1022 2666 1103 equitatu

582 1142 653 1195 et
714 1130 1036 1212 peditatu
1098 1143 1169 1194 et
1228 1132 1532 1214 pecunia
1592 1144 1883 1215 paratus
1954 1144 2026 1197 et
2085 1143 2190 1197 tot
2250 1134 2478 1210 sociis,
2548 1135 2666 1216 qui

583 1244 828 1307 novari
895 1244 1160 1326 aliquid
1219 1245 1577 1321 volebant,
1646 1245 1932 1328 perfeci,
2006 1256 2083 1310 ut
2150 1267 2189 1309 e
2257 1267 2481 1330 regno
2551 1248 2666 1309 ille

582 1358 974 1420 discederet
1019 1377 1287 1439 rexque
1333 1358 1482 1420 sine
1529 1359 1831 1421 tumultu
1891 1379 1974 1422 ac
2019 1359 2170 1422 sine
2216 1360 2426 1422 armis
2473 1361 2664 1424 omni

583 1470 1000 1534 auctoritate
1046 1471 1250 1533 aulae
1297 1473 1723 1535 communita
1769 1492 2064 1555 regnum
2109 1492 2269 1536 cum
2316 1474 2664 1556 dignitate

581 1584 953 1647 obtineret.

751 1694 1030 1759 Interea
1075 1697 1380 1780 cognovi
1426 1697 1803 1760 multorum
1846 1697 2098 1760 litteris
2143 1707 2356 1781 atque
2406 1698 2663 1761 nuntiis

579 1829 874 1891 magnas
920 1809 1340 1872 Parthorum
1386 1809 1628 1890 copias
1690 1822 1760 1874 et
1805 1810 2125 1873 Arabum
2186 1812 2278 1873 ad
2325 1811 2665 1894 oppidum

581 1922 1049 1984 Antiocheam
1106 1922 1482 1984 accessisse
1547 1942 2020 2006 magnumque
2088 1943 2332 1986 eorum
2401 1924 2663 2005 equita-

577 2045 747 2112 tum,
794 2034 912 2117 qui
960 2035 1031 2096 in
1078 2033 1393 2097 Ciliciam
1420 2037 1803 2113 transisset,
1851 2038 1942 2099 ab
1991 2036 2303 2118 equitum
2348 2056 2664 2100 meorum

578 2148 825 2211 turmis
871 2160 941 2211 et
987 2168 1029 2210 a
1061 2150 1350 2211 cohorte
1382 2150 1758 2230 praetoria,
1807 2170 1986 2232 quae
2020 2162 2169 2212 erat
2202 2149 2661 2232 Epiphaneae

578 2260 910 2342 praesidii
958 2281 1188 2337 causa,
1236 2262 1596 2325 occidione
1643 2263 1963 2325 occisum.
1998 2282 2233 2345 quare,
2284 2283 2441 2325 cum
2474 2262 2661 2326 vide-

578 2393 725 2436 rem
785 2394 827 2436 a
890 2373 1342 2457 Cappadocia
1405 2375 1825 2439 Parthorum
1886 2375 2126 2457 copias
2175 2395 2458 2439 aversas
2521 2395 2661 2439 non

577 2487 791 2568 longe
839 2506 881 2547 a
927 2484 1185 2549 finibus
1232 2507 1383 2549 esse
1431 2487 1737 2564 Ciliciae,
1786 2507 2040 2570 quam
2085 2487 2352 2570 potui
2398 2488 2661 2549 maxi-

579 2599 738 2660 mis
829 2599 1334 2662 itineribus
1439 2601 1543 2661 ad
1635 2602 2055 2663 Amanum
2152 2601 2662 2664 exercitum

579 2712 813 2773 duxi.
864 2733 1002 2794 quo
1049 2724 1126 2775 ut
1172 2714 1353 2789 veni,
1400 2714 1676 2777 hostem
1720 2715 1810 2775 ab
1844 2713 2246 2776 Antiochea
2278 2714 2660 2790 recessisse,

578 2823 914 2887 Bibulum
961 2825 1401 2889 Antiocheae
1450 2846 1601 2888 esse
1649 2827 1987 2908 cognovi;
2035 2826 2450 2889 Deiotarum
2500 2847 2657 2890 con-

577 2936 812 3000 festim
870 2938 1010 3000 iam
1069 2940 1159 3001 ad
1222 2958 1331 3000 me
1376 2940 1775 3002 venientem
1834 2958 1992 3002 cum
2039 2958 2297 3022 magno
2346 2952 2415 3004 et
2460 2937 2660 3001 firmo

576 3052 893 3133 equitatu
962 3063 1030 3114 et
1099 3052 1421 3132 peditatu
1490 3063 1560 3114 et
1628 3071 1786 3114 curn
1846 3051 2168 3114 omnibus
2236 3054 2378 3114 suis
2439 3052 2660 3134 copiis

576 3164 944 3227 certiorem
988 3163 1125 3226 feci
1173 3185 1313 3227 non
1358 3165 1583 3226 videri
1645 3185 1801 3227 esse
1847 3184 2149 3241 causam,
2213 3185 2336 3228 cur
2383 3167 2659 3228 abesset

2745 1047 2776 1082 Ξ)

2717 1613 2774 1650 m

2715 2172 2770 2208 15

2711 2741 2765 2775 2¹st

577 3298 619 3339 a
664 3297 906 3360 regn0,
955 3298 1203 3360 meque
1249 3279 1340 3340 ad
1387 3297 1566 3352 eum,
1613 3279 1671 3339 si
1718 3278 1887 3359 quid
1934 3279 2096 3341 novi
2142 3277 2326 3342 forte
2374 3279 2658 3342 accidis·
2707 3304 2761 3341 εἴ,

576 3402 704 3464 set,
753 3390 990 3453 statim
1034 3392 1306 3453 litteras
1353 3391 1773 3472 nuntiosque
1820 3391 2185 3454 missurum
2232 3410 2403 3453 esse.
2475 3412 2656 3454 cum-

578 3522 714 3585 que
776 3522 859 3565 eo
920 3504 1153 3566 animo
1199 3504 1566 3579 venissem,
1628 3516 1704 3566 ut
1764 3505 2041 3586 utrique
2103 3504 2530 3586 provinciae,
2599 3505 2655 3566 si

577 3616 676 3676 ita
721 3625 996 3696 tempus
1042 3614 1279 3690 ferret,
1326 3617 1793 3692 subvenirem,
1840 3631 1988 3678 tum
2048 3617 2139 3693 id,
2187 3637 2233 3698 q
2257 3637 2302 3678 u
2322 3637 2363 3678 o
2382 3617 2426 3677 d
2489 3617 2571 3678 ia
2590 3634 2656 3678 m

578 3738 784 3790 ante
888 3740 1395 3791 statueram
1496 3731 2086 3793 vehementer
2189 3729 2323 3793 int
2348 3750 2654 3792 eresse

576 3841 1056 3922 utriusque
1103 3842 1660 3923 provinciae,
1721 3861 2049 3924 pacare
2097 3844 2523 3904 Amanum
2569 3856 2653 3906 et

577 3966 1113 4036 perpetuum
1178 3956 1527 4017 hostem
1594 3975 1699 4017 ex
1761 3976 1863 4018 eo
1933 3967 2228 4019 monte
2297 3956 2653 4033 tollere,

573 4086 791 4150 agere
836 4068 1118 4149 perrexi
1139 4090 1152 4140 ;
1216 4088 1511 4151 cumque
1574 4088 1684 4131 me
1730 4070 2088 4132 discedere
2148 4071 2238 4132 ab
2287 4089 2371 4134 eo
2419 4081 2654 4133 monte

2704 3869 2756 3907 30
