3025 4825
550 385 637 448 62
1335 385 1409 437 ad
1449 384 1572 438 Att.
1613 385 1753 439 VII.
1789 385 1839 437 3.

548 576 634 637 iis
706 577 932 639 victus
1022 597 1266 640 essem.
1360 598 1576 659 quare
1653 578 1974 640 celeritas
2063 579 2281 642 nostri
2358 579 2625 641 reditus

548 680 1035 769 ἀμεταμέλητος
1066 691 1278 752 debet
1321 710 1494 753 esse.
1545 692 1731 773 quod
1777 691 1836 752 si
1884 691 2017 753 ista
2048 691 2252 754 nobis
2284 691 2626 774 cogitatio

548 803 635 863 de
696 802 1048 883 triumpho
1110 804 1364 866 iniecta
1432 823 1574 865 non
1644 815 1847 880 esset,
1918 824 2126 886 quam
2194 813 2270 866 tu
2339 823 2623 886 quoque

547 916 923 996 approbaS,
972 935 1059 977 ne
1091 925 1165 978 tu
1195 917 1383 978 haud
1414 916 1705 979 multum
1737 917 2127 998 requireres
2157 917 2352 978 illurn
2374 917 2622 992 virum,

549 1026 666 1108 qui
727 1027 798 1089 in
856 1038 1061 1092 sexto
1122 1028 1302 1092 libro
1349 1028 1764 1092 informatus
1825 1039 1945 1092 est.
2041 1030 2207 1112 quid
2254 1030 2436 1092 enirn
2500 1029 2626 1093 tibi
2712 1054 2745 1089 s)

545 1138 822 1218 faciam,
872 1140 991 1221 qui
1035 1141 1193 1204 illos
1237 1142 1456 1205 libros
1502 1142 1899 1206 devorasti?
1950 1143 2116 1224 quin
2164 1163 2347 1205 nunc
2395 1143 2624 1224 ipsum

548 1272 686 1315 non
734 1251 1074 1317 dubitabo
1122 1273 1268 1316 rem
1315 1264 1578 1317 tantam
1611 1254 1910 1332 abicere,
1949 1256 2009 1317 si
2053 1256 2125 1318 id
2170 1255 2302 1318 erit
2346 1256 2623 1319 rectius.

546 1374 913 1448 utrumque
944 1387 1113 1431 vero
1158 1367 1362 1429 simul
1408 1367 1532 1452 agi
1575 1389 1714 1431 non
1748 1379 1999 1450 potest,
2049 1378 2117 1430 et
2148 1370 2235 1431 de
2267 1369 2621 1451 triumpho

547 1478 912 1544 ambitiose
958 1490 1029 1542 et
1072 1482 1160 1542 de
1205 1500 1281 1542 re
1327 1480 1618 1562 publica
1661 1480 1903 1543 libere.
1949 1482 2073 1543 sed
2121 1501 2209 1542 ne
2255 1480 2620 1556 dubitariS,

547 1591 731 1673 quin,
781 1594 968 1673 quod
1011 1592 1393 1669 honestius,
1439 1592 1510 1655 id
1556 1593 1728 1655 mihi
1772 1592 2080 1655 futurum
2124 1593 2215 1655 sit
2246 1592 2619 1675 antiquius·

460 1717 471 1733 ·
547 1724 727 1781 nam,
775 1707 963 1787 quod
1009 1715 1218 1788 putas
1263 1705 1500 1768 utilius
1546 1726 1720 1782 esse,
1781 1707 1893 1767 vel
1955 1706 2124 1768 mihi
2170 1708 2355 1788 quod
2404 1706 2619 1769 tutius

544 1817 654 1895 sit,
702 1820 816 1880 vel
862 1818 1071 1881 etiam
1133 1828 1210 1880 ut
1252 1818 1354 1880 rei
1400 1818 1728 1900 publicae
1774 1820 2111 1900 prodesse
2157 1817 2447 1901 possim,
2510 1839 2621 1881 me

545 1950 700 1993 esse
765 1951 921 1993 cum
984 1930 1296 2012 imperio,
1364 1931 1434 1992 id
1482 1951 1718 2022 coram
1766 1931 2367 1994 considerabimus
2414 1933 2622 2014 quale

543 2043 653 2106 sit.
743 2045 960 2107 habet
1018 2044 1204 2106 enim
1262 2065 1377 2107 res
1423 2044 2025 2117 deliberationem;
2090 2046 2222 2107 etsi
2282 2065 2373 2107 ex
2420 2055 2621 2127 parte

542 2177 803 2241 magna
872 2156 1002 2219 tibi
1068 2158 1432 2221 assentior.
1520 2159 1621 2220 de
1698 2156 1990 2219 animo
2067 2169 2357 2220 autem
2436 2178 2620 2221 meo

544 2291 766 2354 erga
827 2290 1002 2332 rem
1049 2270 1510 2351 publicam
1575 2273 1800 2333 bene
1862 2269 2103 2332 facis
2171 2273 2402 2352 quod
2451 2291 2619 2333 non

543 2381 929 2459 dubitaS,
978 2393 1048 2445 et
1094 2381 1264 2446 illud
1309 2384 1532 2464 probe
1596 2381 1883 2463 iudicas,
1948 2401 2390 2465 nequaquam
2451 2384 2623 2447 satis

540 2517 670 2578 pro
718 2495 891 2558 meis
936 2494 1210 2570 officiis,
1256 2515 1388 2578 pro
1435 2496 1656 2576 ipsius
1704 2495 1773 2556 in
1806 2494 1982 2558 alios
2028 2495 2378 2559 effusione
2429 2497 2622 2560 illum

542 2609 611 2671 in
680 2630 790 2672 me
858 2609 1222 2671 liberalem
1286 2608 1522 2683 fuisse,
1594 2607 1881 2690 eiusque
1950 2608 2051 2670 rei
2109 2629 2392 2672 causam
2455 2630 2622 2672 vere

542 2721 878 2804 explicaS,
951 2731 1021 2784 et
1087 2722 1207 2799 εἰς,
1277 2741 1456 2803 quae
1528 2723 1615 2782 de
1676 2720 1902 2783 Fabio
1964 2719 2400 2802 Caninioque
2463 2732 2624 2785 acta
2675 2736 2698 2772 ‘2

539 2836 808 2911 scribiS,
856 2836 1065 2898 valde
1113 2833 1575 2898 consentiunt.
1655 2853 1836 2915 quae
1883 2833 1942 2894 si
1986 2853 2190 2896 secus
2239 2844 2475 2897 essent
2521 2846 2623 2899 to-

541 2960 824 3030 tumque
869 2969 947 3011 se
994 2948 1110 3010 ille
1158 2947 1227 3009 in
1274 2967 1383 3008 me
1430 2945 1879 3027 profudisset,
1942 2955 2171 3009 tamen
2219 2947 2360 3022 illa,
2412 2969 2623 3029 quam

539 3061 809 3137 scribiS,
858 3072 1093 3124 custos
1140 3059 1333 3122 urbis
1379 3078 1488 3120 me
1521 3059 1927 3139 praeclarae
1961 3058 2438 3139 inscriptionis
2485 3082 2624 3123 me-

540 3195 802 3238 morem
849 3194 1003 3267 esse
1035 3182 1323 3257 cogeret
1368 3191 1495 3234 nec
1529 3170 1697 3233 mihi
1728 3172 2158 3246 concederet,
2207 3182 2283 3233 ut
2314 3171 2626 3235 imitarer

2679 1613 2742 1650 1st

2676 2179 2738 2216 15

540 3288 940 3351 Volcatium
987 3296 1108 3349 aut
1153 3284 1496 3360 Servium,
1547 3283 1801 3365 quibus
1848 3292 1919 3344 tu
1958 3302 2033 3344 es
2064 3293 2456 3359 contentuS,
2496 3287 2624 3348 sed
2677 3300 2734 3337 25

539 3399 804 3482 aliquid
851 3419 980 3462 nos
1024 3398 1239 3460 vellet
1283 3396 1488 3459 nobis
1522 3397 1812 3479 dignum
1861 3404 1929 3456 et
1972 3394 2231 3457 sentire
2279 3405 2349 3457 et
2380 3396 2625 3459 defen·

541 3513 726 3573 dere.
776 3511 963 3592 quod
997 3511 1276 3591 quidem
1322 3527 1629 3590 agerem,
1677 3506 1735 3568 si
1781 3506 2040 3582 liceret,
2088 3505 2227 3568 alio
2259 3508 2489 3582 modO,
2542 3528 2624 3571 ac

541 3643 723 3685 nunc
772 3624 1127 3705 agendum
1174 3631 1301 3683 est.

714 3732 840 3795 De
930 3752 1088 3795 sua
1164 3731 1588 3813 potentia
1681 3729 2117 3792 dimicant
2204 3728 2626 3793 homines

540 3847 704 3909 hoc
752 3856 1156 3926 tempore
1201 3845 1621 3926 periculo
1669 3840 2107 3905 civitatis,
2172 3860 2352 3915 nam,
2400 3841 2463 3901 si
2509 3863 2627 3906 res

541 3959 826 4041 publica
872 3957 1290 4034 defenditur,
1340 3978 1463 4021 cur
1508 3977 1592 4019 ea
1625 3954 1911 4019 consule
1958 3953 2089 4015 isto
2137 3951 2291 4033 ipso
2325 3951 2625 4018 defensa

543 4093 682 4135 non
730 4077 875 4136 est?
924 4093 1047 4135 cur
1093 4093 1252 4155 ego,
1302 4070 1373 4132 in
1420 4069 1618 4132 cuius
1664 4088 1875 4130 causa
1922 4064 2022 4127 rei
2053 4065 2379 4146 publicae
2424 4068 2626 4131 salus

2677 3864 2736 3901 30
