3025 4825
314 1603 371 1640 10

312 2738 371 2773 20

314 3870 373 3907 30

1210 371 1286 424 ad
1323 371 1458 425 fam.
1496 372 1632 427 XV.
1647 372 1718 426 ’4.
2425 376 2513 439 49

419 566 725 647 denique
773 566 968 641 Asia,
1019 566 1260 648 itaque
1307 566 1693 630 exercitum
1740 566 1907 628 mihi
1940 568 2337 629 ducendum
2383 585 2511 647 per

423 677 920 761 Cappadociae
992 679 1356 762 regionem
1426 698 1602 755 eam,
1673 697 1853 760 quae
1922 677 2236 742 Ciliciam
2304 679 2508 742 attin-

421 803 644 874 geret,
692 793 959 873 putavi.
1050 811 1232 868 nam,
1294 792 1352 854 si
1401 811 1513 854 me
1575 792 1647 853 in
1696 790 2013 854 Ciliciam
2059 791 2508 867 demisissern‚

423 902 738 966 Ciliciam
799 904 1081 987 quidem
1128 905 1369 986 ipsam
1430 915 1724 986 propter
1770 904 2027 967 montis
2073 904 2331 966 Amani
2395 924 2510 966 na-

420 1027 649 1078 turam
695 1014 905 1078 facile
955 1016 1333 1079 tenuissem
1378 1053 1465 1062 --
1533 1017 1671 1080 duo
1719 1028 1880 1079 sunt
1926 1016 2113 1077 enim
2160 1016 2391 1079 aditus
2437 1016 2507 1078 in

424 1128 738 1191 Ciliciam
786 1149 877 1191 ex
926 1129 1155 1212 Syria,
1203 1149 1498 1218 quorum
1548 1139 1841 1212 uterque
1874 1129 2110 1211 parvis
2142 1129 2511 1211 praesidiis

421 1252 708 1325 propter
775 1243 1140 1326 angustias
1209 1242 1581 1310 intercludi
1642 1253 1898 1324 potest,
1969 1261 2099 1304 nee
2159 1252 2264 1304 est
2323 1242 2508 1324 quic-

423 1375 632 1436 quam
702 1353 947 1418 Cilicia
1015 1367 1263 1419 contra
1325 1355 1607 1437 Syriam
1671 1355 2003 1419 munitius
2047 1391 2153 1429 --,
2216 1357 2342 1417 sed
2402 1375 2511 1417 me

424 1467 877 1550 Cappadocia
924 1471 1274 1546 movebat,
1337 1490 1519 1552 quae
1565 1478 1761 1551 patet
1822 1489 1864 1530 a
1909 1467 2119 1550 Syria
2166 1487 2511 1551 regesque

421 1581 638 1644 habet
684 1579 1038 1656 finitimos,
1102 1582 1221 1664 qui
1269 1582 1541 1645 etiamsi
1604 1591 1763 1644 sunt
1811 1580 1989 1643 clam
2039 1581 2240 1643 amici
2287 1582 2509 1656 nobiS‚

422 1706 662 1757 tamen
710 1706 954 1776 aperte
1003 1695 1284 1758 Parthis
1331 1694 1590 1758 inimici
1629 1713 1789 1757 esse
1835 1714 1976 1757 non
2024 1695 2305 1758 audent.
2354 1695 2508 1759 ita-

423 1808 725 1889 quein
773 1806 1363 1890 Cappadocia
1422 1821 1833 1871 extrem-a
1894 1828 2066 1870 non
2124 1808 2404 1890 longe
2467 1829 2509 1870 a

422 1920 723 1983 Tauro
814 1921 1047 2003 apud
1154 1921 1592 2003 oppidum
1680 1919 2113 2003 Cybistra
2203 1932 2507 1985 castra

421 2032 631 2109 feci,
679 2046 769 2096 ut
802 2045 872 2096 et
905 2032 1323 2097 Ciliciam
1366 2046 1459 2097 tu
1483 2053 1686 2095 erer·
1713 2043 1800 2097 et'
1831 2031 2010 2115 Cap
2037 2034 2510 2115 padociam

347 2169 370 2204 ·›
422 2157 748 2209 tenens
814 2165 1046 2208 nova
1116 2146 1724 2211 finitimorum
1791 2147 2184 2210 consilia
2250 2147 2508 2228 impe-

423 2261 724 2323 direm.

595 2372 872 2437 Interea
934 2375 1004 2436 in
1064 2376 1198 2437 hoc
1256 2382 1456 2437 tanto
1520 2384 1713 2436 motu
1759 2383 2097 2456 tantaque
2145 2383 2508 2456 exspecta-

421 2488 613 2550 tione
660 2488 948 2549 maximi
978 2488 1146 2549 belli
1193 2506 1322 2548 rex
1352 2486 1751 2563 DeiotaruS‚
1800 2488 1911 2550 cui
1944 2507 2085 2549 non
2116 2488 2265 2549 sine
2297 2506 2507 2550 causa

420 2600 799 2682 plurimum
845 2620 1122 2682 semper
1167 2611 1236 2663 et
1285 2619 1440 2662 meo
1505 2611 1576 2663 et
1620 2611 1743 2664 tuo
1806 2611 1877 2663 et
1920 2614 2204 2664 senatus
2252 2601 2508 2664 iudicio

421 2713 760 2776 tributum
807 2723 934 2790 est,
983 2714 1091 2775 vir
1137 2734 1294 2777 curn
1322 2714 1820 2777 benevolentia
1867 2726 1936 2777 et
1983 2712 2123 2777 fide
2170 2734 2342 2797 erga
2388 2736 2507 2796 po-

422 2827 666 2907 pulum
713 2825 1121 2889 Romanum
1178 2826 1521 2909 singulari
1582 2838 1732 2889 tum
1792 2828 2197 2908 praestanti*
2242 2827 2507 2909 magni-

420 2939 664 3002 tudine
712 2951 782 3002 et
828 2940 1038 3002 animi
1086 2951 1155 3002 et
1201 2939 1492 3016 consilii,
1541 2940 1818 3021 legatos
1880 2942 1970 3003 ad
2032 2961 2140 3002 me
2188 2941 2371 3003 misit
2432 2959 2507 3001 se

423 3071 582 3115 cum
642 3052 966 3115 omnibus
1027 3052 1168 3113 suis
1231 3052 1450 3134 copiis
1512 3053 1583 3113 in
1644 3072 1800 3115 mea
1861 3063 2089 3116 castra
2152 3074 2300 3116 esse
2345 3073 2507 3115 ven-

422 3176 688 3236 turum;
767 3165 963 3227 cuius
1026 3185 1163 3248 ego
1228 3165 1460 3228 studio
1508 3163 1888 3249 officioque
1957 3178 2344 3229 commotus
2391 3167 2506 3248 egi

314 3304 365 3340 2»-
423 3277 488 3338 ei
563 3296 691 3358 per
759 3277 1030 3339 litteras
1105 3278 1372 3360 gratias
1457 3278 1668 3359 idque
1751 3288 1827 3340 ut
1904 3290 2285 3341 maturaret
2351 3279 2508 3342 hor·.

421 3402 609 3453 tatus
655 3410 826 3453 sum.
875 3410 1035 3453 cum
1079 3400 1316 3453 autem
1360 3393 1451 3453 ad
1485 3390 1812 3473 Cybistra
1842 3404 2134 3475 propter
2165 3393 2508 3455 rationem

422 3503 591 3565 belli
654 3504 964 3586 quinque
1030 3504 1181 3566 dies
1243 3524 1466 3567 essem
1511 3517 1841 3582 moratuS‚
1903 3526 2203 3588 regem
2262 3507 2505 3568 Ario-

422 3621 920 3694 barzanem,
996 3619 1192 3682 cuius
1260 3599 1593 3682 salutem*
1633 3639 1675 3680 a
1749 3631 1996 3682 senatu
2075 3632 2145 3683 te
2220 3628 2505 3683 auctore

424 3732 986 3794 commendatam
1028 3732 1401 3809 habebam,
1448 3732 2092 3813 praesentibus
2137 3733 2507 3794 insidiis

425 3845 1127 3925 necopinantem
1184 3846 1583 3908 liberavi
1646 3865 1872 3927 neque
1918 3846 2143 3907 solum
2189 3846 2252 3907 ei
2297 3846 2504 3909 saluti

424 3955 547 4032 fui,
595 3959 717 4019 sed
763 3958 977 4020 etiam
1021 3958 1283 4031 curavi,
1346 3973 1420 4020 ut
1468 3977 1627 4020 cum
1671 3959 2092 4022 auctoritate
2138 3974 2503 4042 regnaret;

427 4069 726 4132 Metram
786 4082 855 4133 et
902 4090 1079 4144 eum,
1143 4090 1352 4152 quem
1408 4082 1485 4133 tu
1532 4070 1707 4133 mihi.
1746 4071 2119 4153 diligenter
2165 4089 2504 4134 commen—

532 4188 746 4237 Ausgew.
776 4190 929 4229 Briefe
958 4191 1143 4230 Ciceros
1174 4202 1217 4229 v.
1248 4191 1513 4242 Gschwind,
1546 4191 1775 4230 Textheft.
2329 4191 2366 4241 4
