3025 4825
511 435 597 499 82
1288 435 1364 488 ad
1400 434 1536 488 fam.
1572 434 1722 489 1111.
1757 433 1809 486 4.

501 763 614 832 35.
662 771 779 843 (Ad
831 771 969 827 fam.
1013 773 1183 839 1111„
1231 769 1317 843 4.)
1348 805 1435 813 --
1464 772 1588 827 Ser.
1633 773 1856 827 Romae
1901 789 1990 826 ex.
2039 788 2114 825 m.
2149 768 2311 839 Sept.
2360 772 2464 820 aut
2507 765 2593 819 in.

1087 904 1163 939 m.
1212 885 1341 940 Oct.
1387 903 1441 941 a.
1486 903 1548 940 u,
1593 902 1644 941 c.
1698 884 1816 937 708
1863 884 2016 956 (46).
2233 883 2268 912 ⁹

737 1033 833 1097 Μ.
884 1032 1269 1099 CICERO
1313 1034 1385 1100 S.
1433 1035 1523 1097 D.
1571 1034 1797 1100 SER.
1845 1031 2355 1100 SVLPICIO.

677 1190 979 1272 Accipio
1026 1192 1724 1256 excusationem
1770 1201 2027 1268 tuam,
2090 1211 2229 1272 qua
2274 1210 2445 1252 usus
2492 1208 2591 1264 es,

500 1323 624 1366 cur
667 1303 952 1385 saepius
1012 1305 1103 1366 ad
1164 1323 1277 1366 me
1322 1304 1593 1367 litteras
1651 1325 1791 1367 uno
1852 1304 2182 1386 exemplo
2231 1302 2593 1374 dedisses:

498 1415 627 1478 sed
670 1415 945 1498 accipio
1008 1436 1100 1478 ex
1161 1435 1246 1479 ea
1289 1427 1515 1499 parte,
1564 1427 1908 1498 quatenus
1952 1427 2076 1480 aut
2125 1414 2595 1499 neglegentia

499 1537 622 1590 aut
666 1527 1117 1610 improbitate
1163 1548 1426 1606 eorum,
1475 1529 1593 1610 qui
1640 1529 1977 1611 epistulas
2008 1529 2386 1611 accipiant,
2436 1525 2593 1589 fieri

498 1640 766 1715 scribiS,
817 1660 905 1703 ne
952 1643 1043 1704 ad
1090 1661 1221 1705 nos
1266 1640 1743 1725 perferantur;
1804 1642 1996 1704 illam
2052 1651 2330 1723 partem
2378 1659 2594 1703 excu-

496 1752 810 1829 sationiS,
881 1774 1021 1835 qua
1087 1764 1156 1817 te
1224 1754 1477 1817 scribis
1545 1754 1922 1831 „orationis
1982 1759 2455 1837 paupertate“
2505 1788 2593 1800 --

496 1865 597 1927 sic
643 1865 830 1927 enim
860 1866 1181 1947 appellas
1211 1867 1579 1929 —iisdem
1623 1866 1859 1929 verbis
1905 1865 2246 1947 epistulas
2300 1864 2594 1946 saepius

495 1979 791 2053 mittere,
841 1999 997 2042 nec
1044 1998 1316 2042 nosco
1364 1998 1521 2041 nec
1567 1980 1850 2061 probo
1896 1988 1967 2041 et
1997 1998 2135 2061 ego
2166 1978 2341 2060 ipse,
2376 1996 2593 2059 quem

493 2101 573 2154 tu
617 2110 746 2172 per
791 2091 1022 2154 iocum
1066 2128 1155 2138 —
1199 2091 1301 2153 sic
1361 2092 1547 2153 enim
1591 2091 1863 2173 accipio
1907 2127 1996 2136 -—
2041 2090 2371 2167 „divitias
2435 2110 2589 2153 ora-

493 2203 747 2267 tionis“
778 2204 1043 2266 habere
1073 2203 1269 2279 dicis,
1303 2222 1414 2264 me
1446 2222 1587 2265 non
1617 2220 1769 2264 esse
1797 2203 2172 2265 verborum
2201 2203 2594 2265 admodum

494 2315 777 2397 inopem
824 2334 1136 2398 agnosco
1181 2350 1270 2361 --
1315 2305 1786 2397 εἰρωνεύεσθαι
1845 2313 2028 2375 enirn
2090 2332 2231 2375 non
2293 2332 2594 2375 necesse

494 2437 599 2491 est
641 2464 749 2504 ——,
797 2429 924 2491 sed
969 2438 1209 2491 tamen
1253 2427 1439 2488 idem
1468 2462 1556 2473 --·
1586 2446 1714 2489 nec
1758 2427 1892 2489 hoc
1942 2416 2455 2509 εἰρωνευόμενος
2500 2464 2594 2472 —

492 2538 703 2601 facile
774 2540 950 2602 cedo
1020 2549 1304 2603 tuorum
1370 2539 1791 2621 scriptorum
1856 2537 2229 2601 subtilitati
2302 2546 2376 2599 et
2446 2536 2591 2598 ele·

492 2651 799 2732 gantiae.

670 2760 1162 2825 Consilium
1223 2772 1483 2838 tuum,
1547 2782 1685 2843 quo
1745 2771 1817 2824 te
1876 2779 2078 2822 usum
2134 2760 2386 2822 scribis
2446 2761 2592 2823 hoc

493 2874 901 2937 Achaicum.
946 2875 1311 2957 negotium
1374 2894 1511 2937 non
1570 2873 2019 2949 recusavisse,
2082 2892 2242 2936 cum
2301 2893 2594 2955 semper

491 2986 999 3067 probavissem,
1061 2998 1208 3048 turn
1256 2986 1537 3049 multo
1598 2986 1883 3068 magis
1940 2985 2330 3067 probavi
2376 2985 2591 3049 lectis

489 3096 629 3159 tuis
705 3097 1047 3178 proximis
1118 3098 1391 3160 litteris,
1473 3116 1713 3160 omnes
1787 3096 1971 3159 enim
2046 3115 2323 3170 causae,
2406 3116 2591 3177 quas

488 3227 1012 3283 commemoraS,
1059 3208 1483 3271 iustissimae
1530 3218 1691 3271 sunt
1735 3218 1995 3288 tuaque
2042 3217 2113 3270 et
2145 3208 2586 3271 auctoritate

492 3329 562 3382 et
594 3319 970 3400 prudentia
1001 3320 1472 3402 dignissimae.
1524 3319 1750 3400 quod
1796 3318 2072 3380 aliter
2116 3319 2588 3382 cecidisse

489 3449 665 3492 rem
711 3430 1182 3492 existimas
1251 3440 1521 3511 atque
1565 3430 1994 3511 opinatus
2054 3429 2201 3507 sis,
2262 3430 2350 3492 id
2397 3430 2589 3494 tibi

491 3540 737 3604 nullo
784 3542 1035 3604 modo
1082 3541 1562 3605 assentior.
1622 3542 1766 3614 sed,
1812 3541 1976 3621 quia
2038 3551 2239 3605 tanta
2302 3555 2587 3624 pertur-

488 3653 683 3717 batio
747 3664 817 3717 et
878 3653 1197 3717 confusio
1265 3664 1370 3717 est
1436 3673 1688 3729 rerum,
1752 3654 1849 3716 ita
1893 3654 2218 3733 perculsa
2280 3665 2351 3718 et
2416 3676 2587 3737 pro-

488 3775 709 3828 strata
766 3764 1167 3829 foedissimo
1228 3766 1418 3829 bello
1483 3765 1715 3828 iacent
1760 3765 2016 3840 omnia,
2086 3776 2163 3829 ut
2209 3766 2269 3828 is
2317 3767 2586 3849 cuique

2651 2219 2710 2257 10

2649 2784 2713 2823 15

2646 3342 2711 3380 20

487 3879 703 3953 locus,
766 3877 889 3939 ubi
935 3877 1087 3958 ipse
1131 3878 1241 3954 sit,
1304 3887 1374 3940 et
1419 3876 1554 3938 sibi
1602 3876 1893 3957 quisque
1939 3876 2365 3940 miserrimus
2422 3899 2586 3943 esse
2641 3905 2704 3943 25

488 3989 830 4062 videatur,
892 3998 1272 4069 propterea
1342 3998 1413 4051 et
1472 3987 1574 4049 tui
1638 3987 1906 4049 consilii
1974 3988 2293 4068 paenitet
2361 4001 2438 4054 te
2509 4002 2588 4055 et

490 4120 637 4175 nOS,
685 4099 802 4179 qui
847 4099 1033 4161 domi
1079 4119 1336 4175 sumus,
1384 4099 1514 4163 tibi
1560 4098 1750 4161 beati
1797 4098 2132 4176 videmur,
2204 4109 2279 4162 at
2325 4113 2584 4166 contra
