3025 4825
1179 428 1253 479 ad
1294 425 1420 480 Att.
1456 426 1606 481 1111.
1643 426 1692 483 1.
2390 428 2472 491 27

394 620 837 684 multitudine
886 631 1294 701 comparata
1340 640 1485 682 rem
1535 618 1807 696 confici,
1870 622 1993 682 des
2042 639 2349 702 operam,
2398 632 2474 683 ut

395 754 535 796 uno
605 734 871 816 impetu
938 733 1441 816 perfringatur,
1519 734 1591 795 in
1660 753 1810 796 eam
1890 753 2036 795 rem
2113 734 2477 795 incumbas

395 858 809 929 ceterosque
855 849 1140 911 excites,
1232 851 1359 924 sin,
1423 858 1500 910 ut
1549 867 1686 930 ego
1733 847 2086 929 perspicio
2136 867 2292 909 curn
2352 856 2477 908 tua

396 962 802 1024 coniectura
862 972 1008 1024 tum
1071 961 1282 1024 etiam
1343 981 1519 1037 mea,
1580 961 1732 1043 spei
1779 960 1949 1022 nihil
1997 970 2122 1035 est,
2186 980 2310 1021 oro
2358 960 2478 1021 ob-

319 1093 344 1129 5
396 1087 756 1157 testorque
801 1085 892 1151 te,
955 1087 1031 1138 ut
1078 1073 1414 1155 Quintum
1460 1062 2006 1147 fratrem'ames
2071 1089 2276 1154 quem
2339 1091 2478 1153 ego

397 1188 725 1251 miserum
797 1189 1050 1250 misere
1122 1188 1421 1269 perdidi,
1498 1206 1676 1249 neve
1744 1186 1913 1268 quid
1981 1205 2138 1247 eum
2205 1184 2480 1267 patiare

397 1301 687 1384 gravius
719 1304 1084 1365 consulere
1133 1303 1221 1363 de
1269 1321 1363 1376 se,
1412 1320 1624 1383 quarn
1655 1300 1994 1382 expediat
2027 1299 2287 1361 sororis
2315 1309 2482 1361 tuae

398 1412 563 1478 filio.
655 1434 884 1476 meum
945 1413 1372 1489 Ciceronem,
1436 1415 1549 1476 cui
1609 1413 1782 1475 nihil
1828 1413 2099 1475 misello
2159 1412 2481 1493 relinquo

397 1538 679 1609 praeter
711 1528 1044 1590 invidiam
1091 1543 1158 1590 et
1194 1527 1652 1611 ignominiam
1686 1526 1982 1589 nominis
2013 1526 2169 1601 mei,
2216 1537 2480 1600 tueare,

291 1661 345 1698 10
398 1643 633 1722 quoad
663 1643 951 1723 poteris,
985 1642 1409 1717 Terentiam,
1436 1661 1648 1703 unam
1682 1640 1987 1701 omnium
2021 1640 2481 1702 aerumnosis-

395 1755 661 1832 simam,
707 1764 1055 1817 sustentes
1114 1755 1252 1818 tuis
1298 1752 1572 1818 officiis.
1664 1774 1801 1837 ego
1873 1753 1943 1814 in
1990 1752 2279 1834 Epirum
2325 1771 2482 1833 pro-

397 1866 692 1943 ficiscar,
763 1888 918 1930 cum
979 1869 1363 1950 primorum
1425 1868 1695 1929 dierum
1758 1867 2037 1929 nuntios
2098 1884 2482 1946 excepero;

396 1993 474 2044 tu
506 1982 598 2042 ad
628 2000 737 2041 me
771 1981 979 2043 velim
1011 1981 1349 2061 proximis
1381 1981 1653 2056 litteriS,
1702 1991 1777 2042 ut
1808 1999 1883 2041 se
1916 1979 2115 2041 initia
2140 1977 2481 2052 dederint,

363 2094 815 2175 'perscribas
863 2094 1055 2157 Data
1099 2095 1327 2177 pridie
1371 2095 1714 2156 kalendas
1762 2092 2215 2156 DecembreS.

399 2533 486 2631 b)
525 2534 803 2609 Briefe
859 2557 1006 2609 aus
1064 2535 1215 2609 der
1250 2533 1430 2608 Zeit
1475 2535 1694 2608 nach
1735 2533 1885 2607 der
1911 2530 2487 2628 Verbannung

479 2665 610 2740 bis
649 2687 795 2739 zur
832 2663 1611 2739 Statthalterschaft
1649 2659 1980 2760 (56-.-51
2026 2683 2100 2735 v.
2144 2657 2401 2757 Chr.).

403 3009 510 3076 13.
556 3014 674 3088 (Ad
713 3015 837 3070 Att.
884 3016 1049 3083 1111„
1101 3014 1180 3087 1.)
1226 3045 1312 3056 ——-
1359 3015 1481 3069 Ser.
1514 3015 1737 3068 Romae
1771 3014 1919 3069 med.
1951 3031 2026 3068 m.
2060 3012 2220 3082 Sept.
2252 3029 2308 3066 a.
2339 3030 2397 3065 u.
2434 3030 2485 3065 e.

1284 3129 1404 3181 697
1455 3127 1610 3200 (57).

897 3280 1306 3344 CICERO
1357 3278 1744 3343 ATTICO
1793 3278 1993 3343 SAL.

299 3475 356 3514 15
614 3436 787 3499 Cum
833 3438 1133 3519 primum
1178 3435 1487 3499 Romam
1535 3435 1699 3497 veni
1762 3433 2052 3516 fuitque,
2123 3433 2234 3495 cui
2296 3443 2485 3495 recte

406 3551 498 3613 ad
563 3561 635 3615 te
704 3551 976 3614 litteras
1038 3552 1298 3626 darem,
1361 3549 1536 3610 nihil
1598 3549 1793 3629 prius
1854 3546 2255 3609 faciendum
2318 3546 2486 3608 mihi

407 3665 673 3746 putavi,
708 3684 919 3746 quam
950 3673 1041 3725 ut
1087 3662 1262 3725 tibi
1294 3661 1655 3725 absenti
1705 3663 1806 3724 de
1838 3661 2141 3723 reditu
2174 3666 2485 3721 nostro

407 3779 956 3859 gratularer.
1048 3795 1430 3858 cognoram
1492 3775 1675 3837 enim
1724 3811 1803 3822 —
1852 3786 1929 3837 ut
1974 3792 2139 3835 vere
2184 3773 2487 3834 scribam

408 3927 496 3936 -—
537 3901 609 3953 te
678 3891 748 3953 in
818 3890 1122 3954 consiliis
1180 3889 1348 3951 mihi
1418 3889 1668 3951 dandis
1737 3907 1866 3949 nec
1924 3884 2286 3949 fortiorem
2357 3904 2486 3947 nec

306 4019 362 4057 20
410 4005 934 4084 prudentiorem
981 4023 1191 4085 quam
1237 4022 1346 4064 me
1392 4003 1623 4082 ipsum
1682 4020 1811 4063 nec
1858 4000 2069 4062 etiam
2114 4020 2243 4081 pro
2290 4017 2484 4080 prae-

412 4117 621 4179 terita
685 4136 841 4178 mea
909 4116 980 4178 in
1045 4126 1117 4178 te
1179 4115 1630 4178 observantia
1690 4112 1975 4175 nimium
2037 4112 2109 4173 in
2169 4110 2486 4174 custodia
