3025 4825
543 405 582 462 8
1364 402 1439 456 ad
1478 402 1603 455 Att.
1641 384 1688 455 1‘.
1727 402 1811 456 19.

541 598 837 673 mittere,
902 616 1111 678 quam
1171 607 1249 660 tu
1305 597 1505 671 soleS,
1567 594 1777 658 facile
1838 606 1908 658 te
1954 613 2364 676 superarem
2428 602 2499 656 et
2548 593 2619 654 in

538 710 909 774 scribendo
972 710 1186 773 multo
1248 729 1473 772 essem
1521 709 1832 771 crebrior
1894 728 2102 790 quam
2162 718 2273 777 tu:
2342 708 2466 769 sed
2527 708 2619 768 ad

540 843 841 885 summas
886 833 1099 905 atque
1147 809 1593 886 incredibiles
1640 821 2142 904 occupationes
2194 839 2381 882 meas
2427 839 2616 882 acce-

540 938 663 1014 dit,
713 937 901 1017 quod
948 938 1279 999 nullam
1326 957 1368 998 a
1416 955 1541 998 me
1587 935 2322 1016 volo-epistulam
2384 936 2489 995 ad
2532 944 2617 996 te

542 1050 731 1111 sine
793 1050 1098 1130 aliquo
1159 1060 1692 1132 argumento
1753 1069 1852 1111 ac
1911 1048 2379 1111 sententia
2437 1066 2617 1128 per·
2700 1070 2726 1105 .-·»

542 1163 870 1223 venire.
943 1171 1014 1224 et
1080 1161 1453 1243 primum
1523 1162 1865 1237 tibi,‹ut‘
1930 1181 2236 1242 aequum
2308 1172 2413 1224 est
2481 1159 2616 1222 civi

543 1275 803 1337 amanti
850 1275 1171 1356 patriam,
1221 1294 1444 1356 quae
1490 1276 1675 1339 sint
1734 1276 1820 1337 in
1882 1295 1979 1336 re
2025 1274 2423 1357 publica,
2486 1293 2615 1335 ex—

541 1406 889 1469 ponam;
938 1387 1281 1469 deinde,
1327 1388 1658 1469 quoniam
1706 1408 1834 1451 nos
1865 1408 2104 1452 amore
2151 1387 2282 1449 tibi
2316 1387 2617 1469 proximi

541 1520 796 1576 sumuS,
865 1500 1362 1562 scribemus
1432 1501 1699 1564 etiam
1771 1502 1873 1562 de
1937 1501 2201 1565 nobis
2263 1519 2366 1574 ea,
2437 1518 2619 1579 quae

541 1614 719 1676 scire
766 1625 836 1677 te
884 1632 1023 1676 non
1070 1614 1256 1675 nolle
1305 1614 1744 1677 arbitramur.

748 1729 1045 1809 Atque
1093 1727 1179 1787 in
1224 1746 1313 1788 re
1359 1728 1728 1808 publica
1791 1748 2016 1790 nunc
2066 1726 2419 1808 quidem
2467 1744 2618 1787 ma-

540 1842 770 1903 xime
839 1838 1183 1903 Gallici
1252 1840 1477 1902 belli
1562 1850 1984 1903 versatur
2058 1850 2381 1910 metus:
2459 1858 2620 1899 nam

2672 1637 2727 1673 10

543 1953 843 2030 Haedui,
904 1954 1160 2017 fratres
1222 1956 1463 2031 nostri,
1526 1972 1839 2037 pugnam
1902 1973 2127 2035 nuper
2175 1954 2430 2014 malam
2492 1971 2620 2032 pu·
2688 2012 2690 2015 Α

540 2078 847 2150 gnarunt
894 2079 963 2131 et
993 2068 1301 2132 Helvetii
1348 2069 1498 2130 sine
1545 2068 1762 2130 dubio
1809 2078 1970 2129 sunt
2016 2068 2085 2128 in
2134 2067 2344 2129 armis
2376 2085 2619 2128 excur-

540 2181 913 2262 sionesque
959 2182 1030 2244 in
1075 2183 1511 2264 provinciam
1572 2179 1861 2243 faciunt.
1953 2190 2237 2242 senatus
2284 2180 2618 2255 decrevit,
2714 2214 2726 2236 .

541 2305 617 2357 ut
662 2295 983 2357 consules
1029 2297 1202 2356 duas
1252 2293 1522 2358 Gallias
1567 2294 2001 2368 sortirentur,
2051 2293 2347 2355 dilectus
2396 2293 2615 2354 habe·

541 2416 750 2483 retur,
784 2408 1191 2471 vacationes
1236 2428 1324 2470 ne
1357 2408 1695 2484 valerent,
1741 2407 1963 2490 legati
2009 2427 2167 2470 cum
2202 2406 2622 2470 auctoritate

541 2522 1002 2596 mitterentur,
1051 2523 1171 2602 qui
1218 2521 1493 2583 adirent
1541 2519 1817 2584 Galliae
1863 2521 2186 2584 civitates
2232 2522 2623 2601 darentque

541 2654 850 2717 operam,
929 2654 1016 2696 ne
1091 2654 1219 2696 eae
1293 2654 1368 2696 se
1410 2654 1594 2697 ⁴cum
1668 2633 2017 2696 Helvetiis
2093 2634 2621 2716 coniungerent.

540 2748 756 2830 legati
818 2759 979 2810 sunt
1025 2746 1108 2828 Q.
1157 2747 1506 2811 Metellus
1533 2745 1849 2810 Creticus
1911 2756 1981 2810 et
2042 2746 2121 2812 L.
2170 2745 2469 2809 Flaccus
2531 2756 2620 2819 et,
2673 2769 2696 2804 ε

457 2878 468 2893 ·
540 2854 614 2922 τὸ
664 2853 778 2922 ἐπὶ
820 2865 904 2941 τῇ
948 2865 1127 2942 φακῇ
1153 2853 1384 2943 μύρον,
1416 2835 2125 2935 [θηταΙηεζΟΙοᾱίειῃί
2151 2857 2359 2924 filius.
2406 2870 2621 2940 atque

539 2974 674 3036 hoc
720 2975 879 3037 loco
927 2973 1101 3036 illud
1146 2993 1287 3035 non
1335 2991 1519 3054 queo
1564 2973 1972 3054 praeterire,
2037 2974 2247 3054 quod,
2313 2992 2471 3034 cum
2534 2974 2621 3034 de

542 3087 1024 3149 consularibus
1057 3105 1213 3148 mea
1246 3086 1473 3167 prima
1519 3105 1670 3147 sors
1715 3087 1995 3161 exisset,
2043 3105 2183 3147 una
2216 3104 2392 3147 voce
2425 3104 2620 3146 sena-

542 3211 653 3261 tus
697 3198 1030 3281 frequens
1076 3196 1519 3262 retinendum
1580 3219 1689 3261 me
1749 3199 1820 3260 in
1883 3199 2056 3260 urbe
2118 3197 2423 3269 censuit;
2485 3198 2621 3260 hoc

543 3313 727 3374 idem
787 3325 949 3395 post
1009 3333 1120 3375 me
1167 3313 1505 3393 Pompeio
1567 3313 1843 3387 accidit,
1906 3322 1983 3374 ut
2044 3329 2172 3373 nos
2234 3312 2373 3372 duo
2422 3311 2620 3391 quasi
2673 3335 2728 3371 εἴ,

541 3426 845 3507 pignora
890 3428 990 3488 rei
1038 3426 1368 3508 publicae
1412 3426 1698 3488 retineri
1745 3426 2162 3487 videremur.
2217 3424 2388 3504 quid
2435 3424 2618 3485 enim

544 3559 680 3621 ego
748 3539 1042 3603 aliorum
1112 3539 1184 3599 in
1251 3557 1363 3599 me
1426 3530 1906 3620 ἓπιφωνήματα
1966 3548 2393 3620 exspectem,
2464 3557 2620 3599 cum

543 3652 718 3713 haec
750 3652 938 3715 domi
982 3656 1401 3716 nascantur?

752 3764 1174 3827 Urbanae
1263 3775 1554 3828 autem
1646 3785 1785 3827 res
1875 3765 2005 3827 sic
2094 3784 2185 3827 se
2262 3764 2617 3827 habent.

544 3877 913 3960 agraria
957 3878 1106 3939 lex
1152 3900 1194 3940 a
1240 3878 1561 3941 Flavio
1606 3878 1723 3941 tri
1749 3879 1976 3940 buno
2023 3876 2325 3959 plebis
2369 3876 2618 3937 vehe-

466 4020 471 4031 ·
545 4000 885 4052 menter
931 3991 1460 4072 agitabatur
1506 4002 1881 4054 auctore
1930 3990 2045 4052 Po
2068 4009 2202 4071 mp
2226 3989 2387 4065 eio,
2437 4007 2618 4069 quae

542 4101 711 4163 nihil
758 4104 1103 4184 populare
1146 4104 1457 4166 habebat
1519 4113 1801 4185 praeter
1860 4113 2233 4165 auctorem.
2330 4122 2422 4163 ex
2483 4102 2617 4163 hac

2671 3900 2727 3937 30
