3025 4825
310 1638 369 1675 10

311 2205 366 2242 15

312 2772 367 2809 20

314 3338 369 3375 25

313 3903 369 3941 30

1221 401 1296 455 ad
1334 401 1469 455 fam.
1493 402 1609 456 ΙΙΙ.
1646 403 1699 457 6.
2412 404 2501 468 45

418 594 571 672 tibi,
632 606 867 657 tamen
927 596 1148 659 multo
1194 596 1421 679 magis
1481 615 1637 659 meo
1697 594 1886 659 facto
1935 597 2246 661 delector
2292 618 2502 680 quam

418 720 561 772 tuo.
653 728 790 791 ego
852 709 1034 771 enim
1079 709 1410 772 Brundisi
1457 710 1772 792 quaesivi
1819 730 1913 772 ex
1955 711 2248 787 Phania,
2310 711 2505 774 cuius

419 821 587 883 mihi
629 822 925 885 videbar
985 834 1053 886 et
1100 820 1512 886 fidelitatem
1574 844 1747 907 erga
1806 834 1877 887 te
1923 825 2369 906 perspexisse
2433 837 2504 889 et

418 954 624 998 nosse
690 936 943 1012 locum,
1007 956 1214 1019 quem
1283 937 1473 1017 apud
1534 948 1605 1000 te
1667 937 1725 1000 is
1784 947 2077 1013 teneret,
2150 958 2358 1020 quam
2431 938 2503 1000 in

419 1059 693 1131 partem
738 1049 1148 1132 provinciae
1194 1050 1498 1113 maxime
1561 1060 1844 1133 putaret
1904 1062 1977 1115 te
2024 1052 2229 1129 velle,
2291 1063 2370 1116 ut
2430 1051 2502 1114 in

416 1163 860 1227 succedendo
906 1163 1206 1244 primum
1250 1164 1580 1228 venirem.
1632 1184 1791 1227 cum
1835 1164 1955 1226 ille
2002 1164 2169 1227 mihi
2216 1185 2501 1247 respon-

418 1276 634 1340 disset
694 1276 930 1338 nihil
989 1296 1114 1338 me
1176 1277 1352 1340 tibi
1411 1277 1781 1360 gratius
1842 1275 2153 1340 facere
2213 1297 2499 1360 posse,

418 1410 669 1472 quam
736 1390 808 1451 si
879 1391 983 1452 ad
1052 1387 1353 1454 Sidam
1423 1391 2020 1472 navigassem,
2083 1392 2214 1454 etsi
2276 1392 2503 1454 minus

419 1503 785 1586 dignitatis
829 1504 1144 1567 habebat
1204 1503 1322 1565 ille
1382 1506 1733 1567 adventus
1794 1515 1863 1568 et
1923 1506 2015 1568 ad
2074 1506 2330 1568 multas
2389 1524 2502 1566 res

418 1617 587 1679 mihi
634 1616 859 1678 minus
906 1627 1057 1680 erat
1103 1627 1332 1698 aptuS,
1378 1627 1615 1680 tamen
1662 1617 1761 1679 ita
1807 1636 1917 1679 me
1965 1617 2115 1680 dixi
2161 1638 2315 1680 esse
2360 1616 2500 1679 fac-

416 1742 672 1793 turum.
762 1730 948 1793 idem
1009 1750 1146 1813 ego
1210 1750 1400 1792 cum
1460 1729 1539 1792 L.
1589 1729 1999 1796 Clodium
2048 1729 2501 1812 Corcyrae

419 1843 1061 1920 convenissem,
1123 1844 1477 1907 hominem
1540 1844 1638 1907 ita
1701 1844 1831 1907 tibi
1895 1844 2363 1920 coniunctum,
2428 1853 2503 1906 ut

418 1958 608 2035 mihi,
670 1978 826 2020 curn
887 1957 1008 2020 illo
1070 1977 1226 2019 curn
1272 1958 1620 2038 loquerer,
1683 1967 1915 2021 tecum
1959 1958 2156 2040 loqui
2204 1958 2499 2030 viderer,

418 2071 568 2132 dixi
641 2070 704 2132 ei
766 2090 875 2132 me
939 2071 1038 2133 ita
1097 2069 1448 2133 facturum
1509 2089 1683 2146 esse,
1744 2080 1820 2131 ut
1882 2071 1955 2131 in
2002 2090 2155 2133 eam
2201 2081 2496 2151 partem,

418 2203 629 2264 quam
675 2184 948 2246 Phania
992 2194 1334 2266 rogasset,
1381 2184 1684 2264 primum
1729 2183 2060 2245 venirem.
2136 2194 2303 2246 tunc
2361 2184 2500 2260 ille,

416 2296 586 2357 mihi
632 2317 789 2359 curn
835 2296 1104 2379 gratias
1150 2297 1433 2380 egisset,
1483 2316 2033 2379 magnopere
2095 2317 2137 2358 a
2182 2317 2330 2366 me¹
2371 2318 2501 2380 pe·

415 2408 650 2486 tivit,
712 2422 805 2472 ut
851 2409 1388 2474 Laodiceam
1448 2410 1878 2491 protinus
1949 2412 2204 2484 irem;
2265 2423 2353 2475 te
2414 2412 2500 2474 in

416 2523 698 2603 prima
743 2524 1223 2605 provincia
1269 2524 1520 2585 velle
1567 2543 1783 2597 esse,
1831 2536 1908 2587 ut
1955 2526 2497 2607 quamprimum

417 2637 826 2708 decederes;
875 2636 1062 2719 quin,
1110 2636 1241 2698 nisi
1289 2656 1426 2719 ego
1471 2655 1833 2699 successor
1879 2656 2121 2713 essem,
2171 2658 2375 2720 quem
2422 2650 2499 2701 tu

417 2769 712 2831 cuperes
740 2752 1005 2826 videre,
1051 2761 1123 2812 te
1168 2761 1398 2825 antea,
1447 2770 1656 2831 quam
1688 2751 1819 2813 tibi
1851 2770 2247 2813 successum
2295 2763 2500 2828 esset,

417 2863 859 2924 decessurum
910 2861 1157 2925 fuisse:
1207 2864 1394 2944 quod
1442 2862 1726 2944 quidem
1773 2874 1923 2925 erat
1955 2872 2500 2925 consentaneum

417 2993 577 3035 cum
638 2974 721 3035 iis
779 2973 1054 3051 litteriS,
1130 2994 1304 3056 quas
1366 2994 1502 3057 ego
1565 2973 1847 3038 Romae
1909 2994 2339 3055 acceperam,
2410 2994 2501 3036 ex

417 3086 670 3168 quibus
737 3087 1182 3167 perspexisse
1251 3086 1416 3148 mihi
1478 3088 1794 3164 videbar,
1864 3107 2075 3168 quam
2133 3086 2503 3151 festinares

417 3200 776 3261 decedere.
826 3200 1155 3281 respondi
1205 3199 1450 3264 Clodio
1499 3220 1610 3262 me
1657 3201 1755 3262 ita
1801 3219 1953 3261 esse
2000 3198 2371 3270 facturum.
2417 3221 2501 3264 ac

418 3312 635 3374 multo
683 3312 965 3394 quidem
1010 3313 1362 3388 libentiuS,
1425 3332 1635 3394 quam
1694 3312 1752 3373 si
1801 3311 1970 3372 illud
2018 3324 2200 3375 esset
2244 3311 2501 3375 facien-

418 3425 603 3500 dum,
652 3426 842 3507 quod
875 3425 1327 3506 promiseram
1361 3425 1693 3487 Phaniae.
1740 3425 1980 3506 itaque
2027 3436 2097 3487 et
2135 3425 2499 3488 eonsilium

416 3538 683 3601 mutavi
744 3548 814 3601 et
875 3539 964 3600 ad
1025 3549 1097 3601 te
1142 3538 1381 3600 statim
1427 3557 1583 3599 mea
1628 3558 1839 3600 manu
1886 3538 2183 3619 scriptas
2229 3538 2499 3602 litteras

417 3651 605 3723 misi;
677 3670 851 3733 quas
915 3651 1198 3734 quidem
1267 3670 1358 3713 ex
1425 3651 1564 3713 tuis
1625 3651 1877 3713 litteris
1946 3651 2258 3713 intellexi
2327 3653 2499 3716 satis

416 3774 688 3827 mature
736 3766 825 3826 ad
871 3775 942 3826 te
991 3783 1139 3826 esse
1187 3765 1515 3844 perlatas.

592 3876 752 3940 Hoc
798 3897 936 3959 ego
982 3896 1138 3940 meo
1187 3876 1378 3941 facto
1423 3878 1632 3940 valde
1678 3877 2022 3951 delector;
2094 3878 2266 3940 nihil
2313 3878 2495 3939 enim
2550 3892 2588 3943 3

415 3990 649 4073 potuit
693 3989 850 4052 fieri
895 3992 1258 4055 amantiuS.
1309 3991 1677 4054 considera
1723 4010 1906 4052 nunc
1937 3991 2238 4054 vicissim
2281 3982 2511 4053 tuum.‘

417 4123 586 4166 non
634 4104 885 4167 modo
933 4104 1060 4166 ibi
1108 4126 1279 4167 non
1324 4103 1613 4181 fuisti,
1660 4105 1811 4166 ubi
1858 4125 1983 4167 me
2031 4124 2284 4187 quam
2330 4105 2492 4186 pri-
