3025 4825
1244 377 1319 430 ad
1355 376 1492 430 fam.
1528 377 1677 431 IIII.
1713 376 1764 431 6.
2453 378 2535 442 8Ί

455 570 765 652 copiose.
810 571 1084 633 libertis
1129 570 1356 633 minus
1400 571 1611 635 lautis
1655 570 2014 652 servisque
2075 570 2249 632 nihil
2296 570 2539 633 defuit.

452 702 616 746 nam
661 682 1005 747 lautiores
1037 685 1400 767 eleganter
1431 683 1699 765 accepi.
1733 682 1901 765 quid
1931 684 2191 747 multa?
2222 683 2539 746 homines

450 795 590 859 visi
665 815 930 862 sumuS.
1026 797 1289 878 hospes
1364 807 1596 860 tamen
1670 816 1811 860 non
1888 795 1965 877 is,
2056 795 2168 859 cui
2235 795 2537 860 diceres:

394 899 401 906 ’
451 904 760 972 ‘Amabo
821 919 911 986 te,
974 911 1221 975 eodem
1281 911 1371 973 ad
1417 929 1550 985 me,
1611 928 1770 972 cum
1814 906 2216 972 revertere?
2304 908 2537 974 Semel

372 1039 401 1077 5
449 1021 622 1086 satis
697 1031 839 1085 est..
909 1020 1299 1084 Σπουδαῖον
1372 1014 1567 1084 οὐδὲν
1641 1022 1712 1085 in
1785 1041 2125 1098 sermone,
2216 1015 2538 1105 φιλόλογα

342 1606 398 1644 10

333 2850 389 2887 15

331 3410 387 3447 20

329 3968 384 4005 25

449 1134 690 1200 multa.
738 1133 907 1215 quid
954 1134 1280 1215 quaeris?
1343 1135 1730 1198 delectatus
1776 1144 1884 1197 est
1927 1144 1997 1197 et
2039 1132 2339 1197 libenter
2382 1132 2536 1196 fuit.

450 1246 769 1310 Puteolis
833 1267 911 1310 se
958 1246 1206 1311 aiebat
1279 1267 1497 1310 unum
1568 1247 1755 1310 diem
1829 1247 2002 1323 fore,
2078 1247 2373 1310 alterum
2447 1249 2538 1310 ad

450 1359 692 1427 Baias.

623 1473 871 1537 Habes
946 1473 1332 1557 hospitium
1420 1474 1572 1537 sive
1664 1465 2147 1552 ἕπισταθμείαν
2219 1471 2535 1536 odiosam

449 1583 640 1661 mihi,
673 1583 846 1660 dixi,
894 1603 1035 1648 non
1080 1585 1461 1649 molestam.
1509 1604 1648 1668 ego
1679 1585 2067 1666 paullisper
2095 1584 2231 1661 hic,
2279 1585 2532 1647 deinde

447 1696 519 1759 in
565 1696 1061 1760 Tusculanum.
1129 1698 1550 1761 Dolabellae
1596 1698 1835 1761 villam
1895 1716 2053 1761 cum
2096 1698 2531 1780 praeteriret,

445 1810 675 1873 omnis
718 1822 1151 1877 armatorum
1197 1810 1403 1894 copia
1446 1813 1722 1886 dextra,
1783 1811 2066 1874 sinistra
2125 1812 2215 1873 ad
2277 1830 2533 1892 equum

446 1941 578 1986 nec
624 1943 922 2005 usquam
969 1924 1167 1988 alibi.
1207 1923 1365 1988 Hoc
1411 1945 1502 1987 ex
1547 1924 1772 1987 Nicia.

444 2301 555 2370 38.
604 2309 721 2382 (Ad
766 2310 904 2365 fam.
951 2312 1117 2378 1111„
1168 2308 1250 2381 6.)
1311 2341 1397 2350 --
1457 2309 1604 2367 Ser.'
1635 2311 1694 2364 in
1756 2310 1935 2365 Attici
1995 2310 2312 2364 Ficuleano
2375 2311 2526 2371 med,

1011 2417 1088 2453 m.
1135 2398 1277 2469 Apr.
1326 2415 1381 2453 a.
1428 2416 1487 2454 u.
1538 2417 1589 2454 e.
1643 2399 1761 2454 709
1816 2396 1969 2472 (45).

684 2546 781 2609 Μ.
829 2546 1220 2612 CICERO
1266 2547 1338 2613 S.
1384 2546 1473 2614 D.
1523 2548 1752 2643 SER.
1800 2548 2284 2614 SVLPICIO.

619 2706 776 2791 Ego
846 2727 1036 2784 vero,
1109 2706 1333 2784 Servi,
1373 2708 1679 2783 vellem,
1748 2715 1828 2769 ut
1892 2706 2160 2783 scribis,
2229 2707 2301 2769 in
2368 2726 2525 2769 meo
2579 2711 2608 2763 1

437 2819 864 2902 gravissimo
910 2839 1085 2883 casu
1131 2818 1511 2893 adfuisses;
1575 2830 1913 2901 quantum
1960 2819 2147 2882 enim
2191 2839 2526 2901 praesens

439 2949 550 2992 me
597 2931 939 2995 adiuvare
971 2932 1287 3014 potueris
1332 2943 1401 2996 et
1448 2933 1881 2995 consolando
1928 2940 2000 2996 et
2028 2951 2255 3013 prope
2302 2951 2525 3013 aeque

439 3043 770 3120 dolend0,
817 3042 1028 3107 facile
1064 3064 1157 3106 ex
1202 3064 1287 3107 eo
1320 3044 1681 3128 intellego,
1731 3046 1917 3126 quod
1962 3043 2313 3108 litteris
2358 3044 2522 3106 lec·

438 3156 558 3220 tis
624 3156 1188 3238 aliquantum
1249 3157 1693 3238 acquievi.
1789 3175 1950 3219 nam
2010 3166 2080 3219 et
2143 3175 2228 3218 ea
2308 3157 2519 3239 scrip·

437 3268 610 3348 sisti,
672 3289 852 3350 quae
912 3270 1149 3332 levare
1192 3270 1457 3332 luctum
1501 3280 1810 3352 possent,
1872 3281 1943 3334 et
2005 3269 2076 3332 in
2121 3289 2232 3331 me
2278 3289 2518 3334 conso·

435 3383 652 3446 lando
698 3403 839 3446 non
871 3383 1297 3447 mediocrem
1341 3383 1493 3465 ipse
1526 3384 1739 3446 animi
1769 3385 2084 3448 dolorem
2114 3383 2518 3446 adhibuisti.

437 3494 724 3561 Servius
772 3504 1005 3559 tamen
1050 3509 1215 3559 tuus
1260 3496 1584 3559 omnibus
1630 3494 1902 3575 officiis,
1964 3516 2145 3578 quae
2205 3495 2308 3558 illi
2353 3506 2516 3560 tem-

433 3607 595 3690 pori
639 3608 859 3673 tribui
901 3617 1304 3691 potuerunt,
1352 3610 1758 3686 declaravit,
1807 3620 1877 3673 et
1921 3609 2164 3691 quanti
2206 3610 2360 3691 ipse
2407 3629 2516 3672 me

432 3721 702 3786 faceret
749 3731 821 3784 et
865 3741 1077 3804 quam
1120 3741 1324 3785 suum
1367 3723 1585 3787 talem
1645 3743 1818 3806 erga
1877 3742 1988 3785 me
2034 3724 2341 3787 animum
2385 3723 2516 3786 tibi

431 3844 717 3917 gratum
747 3845 1028 3917 putaret
1075 3834 1248 3900 fore.
1295 3834 1493 3899 cuius
1525 3833 1762 3899 officia
1792 3836 2206 3900 iucundiora
2249 3837 2514 3900 scilicet

433 3967 650 4029 saepe
696 3946 867 4009 mihi
913 3947 1218 4025 fuerunt,
1264 3968 1643 4030 numquam
1689 3958 1921 4012 tamen
1967 3942 2305 4032 gratiora.

608 4059 741 4121 Me
789 4070 1084 4123 autem
1145 4082 1316 4125 non
1363 4061 1656 4125 oratio
1706 4070 1853 4124 tua
1896 4063 2182 4125 solum
2247 4070 2334 4123 et
2391 4081 2509 4124 so·
