3025 4825
266 1683 326 1718 10

268 2249 325 2286 15

269 2817 326 2853 20

272 3384 311 3404 6,

271 3406 315 3419 ωι

1164 451 1238 503 ad
1274 449 1407 503 fam.
1447 448 1582 502 XV.
1609 449 1670 501 4.
2377 449 2464 511 55

376 646 566 708 telae
625 655 809 720 tuae,
861 642 1138 727 Cyprus
1198 644 1426 706 insula
1486 653 1557 705 et
1604 641 2098 724 Cappadociae
2144 662 2463 726 regnum,

377 770 612 821 tecum
657 759 744 822 de
795 776 905 818 me
954 758 1365 839 loquentur;
1412 765 1586 837 puto
1635 756 1842 818 etiam
1889 774 2130 839 regem
2177 754 2464 818 Deiota-

379 891 552 945 rum,
602 870 720 952 qui
766 870 887 932 uni
933 870 1063 932 tibi
1123 882 1228 933 est
1273 870 1579 932 maxime
1627 867 2080 932 necessarius.
2171 887 2350 949 quae
2408 867 2466 928 si

379 983 594 1046 etiam
639 983 906 1046 maiora
954 992 1115 1045 sunt
1162 991 1233 1044 et
1277 983 1349 1044 in
1396 982 1721 1045 omnibus
1764 980 2062 1044 saeculis
2097 979 2467 1062 pauciores

378 1095 512 1157 viri
573 1096 837 1177 reperti
903 1107 1084 1169 sunt,
1156 1096 1274 1177 qui
1334 1114 1496 1157 suas
1557 1094 1999 1176 cupiditates.
2069 1112 2275 1175 quam
2349 1093 2466 1174 qui

379 1210 685 1273 hostium
746 1209 988 1291 copias
1044 1209 1423 1283 vincerent,
1485 1217 1589 1271 est
1652 1206 1973 1290 profecto
2033 1218 2248 1281 tuum,
2310 1226 2466 1269 cum

379 1324 471 1384 ad
539 1341 651 1384 res
720 1321 1015 1384 bellicas
1080 1322 1278 1397 haee,
1349 1340 1532 1403 quae
1592 1321 1860 1384 rariora
1927 1331 1999 1383 et
2066 1318 2468 1383 difficiliora

377 1445 561 1510 sunt,
628 1453 898 1518 genera
943 1434 1223 1497 virtutis
1282 1433 1712 1509 adiunxeriS,
1778 1433 1966 1516 ipsas
2029 1432 2240 1496 etiam
2310 1432 2465 1495 illas

378 1566 490 1609 res
536 1556 778 1630 gestas
823 1546 1151 1609 iustiores
1196 1565 1347 1609 esse
1393 1557 1461 1608 et
1507 1545 1808 1608 maiores
1853 1556 2124 1628 putare.

555 1660 1069 1723 Extremum
1159 1659 1389 1722 illud
1481 1669 1634 1734 est,
1713 1669 1806 1721 ut
1883 1658 2141 1741 quasi
2219 1657 2464 1720 diffi-

380 1775 598 1835 dens
655 1771 1128 1857 rogationi
1176 1791 1430 1834 meae
1475 1770 2155 1854 philosophiam
2217 1774 2323 1834 ad
2383 1782 2467 1833 te

380 1886 786 1970 allegem,
838 1906 978 1968 qua
1010 1906 1138 1949 nec
1171 1885 1339 1947 mihi
1388 1885 1617 1948 carior
1661 1885 1807 1947 ulla
1854 1905 2183 1967 umquam
2227 1903 2341 1947 res
2388 1885 2460 1947 in

377 1998 526 2061 vita
569 1997 702 2062 fuit
764 2018 893 2061 nec
939 1999 1298 2063 hominum
1341 1998 1590 2080 generi
1637 1998 1860 2060 maius
1919 2018 1962 2060 a
2022 1997 2172 2061 deis
2218 2017 2468 2060 munus

379 2111 594 2174 ullum
643 2121 749 2174 est
780 2114 1054 2184 datum;
1099 2112 1276 2174 haec
1307 2111 1545 2194 igitur,
1594 2131 1775 2193 quae
1822 2112 1987 2173 mihi
2024 2122 2257 2174 tecum
2288 2131 2465 2175 corn-

377 2224 607 2287 munis
652 2235 778 2301 est,
840 2225 1142 2288 societas
1187 2223 1575 2287 studiorum
1624 2235 1836 2306 atque
1896 2224 2151 2287 artium
2198 2233 2467 2287 nostra-

377 2358 553 2415 rum,
601 2338 853 2421 quibus
905 2359 948 2400 a
993 2338 1295 2422 pueritia
1341 2338 1552 2402 dediti
1600 2356 1685 2400 ac
1731 2338 2035 2401 devincti
2084 2338 2212 2401 soli
2244 2358 2466 2421 prope

379 2454 660 2514 modum
709 2473 837 2517 nos
877 2453 1398 2536 philosophiam
1436 2471 1680 2515 veram
1726 2452 1917 2514 illam
1964 2463 2032 2515 et
2085 2452 2467 2535 antiquam,

380 2584 562 2646 quae
608 2565 1025 2647 quibusdam
1093 2566 1218 2628 otii
1288 2584 1440 2628 esse
1509 2585 1593 2628 ac
1660 2565 1971 2627 desidiae
2031 2565 2328 2642 videtur,
2396 2565 2466 2627 in

377 2676 611 2740 forum
656 2687 869 2760 atque
916 2679 988 2740 in
1035 2697 1180 2741 rem
1213 2678 1567 2759 publicam
1600 2688 1813 2761 atque
1858 2679 1928 2741 in
1976 2679 2199 2760 ipsam
2246 2679 2465 2741 aciem

379 2810 608 2872 paene
669 2792 1114 2867 deduximus,
1182 2802 1416 2855 tecum
1477 2792 1630 2876 agit
1690 2795 1779 2855 de
1839 2811 1996 2854 mea
2053 2791 2284 2867 laude,
2356 2793 2467 2855 cui

379 2904 627 2987 negari
697 2924 739 2965 a
802 2903 1068 2967 Catone
1137 2903 1245 2967 fas
1292 2924 1444 2968 esse
1492 2926 1634 2969 non
1680 2915 1876 2989 puto,
1923 2925 2132 2987 quam
2180 2906 2272 2968 ob
2320 2924 2465 2967 rem

377 3016 510 3079 tibi
556 3017 656 3078 sic
702 3019 1130 3099 persuadeas
1177 3019 1422 3082 velim:
1471 3019 1528 3081 si
1575 3018 1743 3081 mihi
1789 3028 1911 3082 tua
1956 3018 2306 3081 sententia
2351 3019 2467 3082 tri-

379 3132 592 3192 butus
646 3131 870 3192 honos
931 3149 1025 3193 ex
1088 3131 1258 3193 meis
1317 3132 1570 3195 litteris
1617 3130 1851 3207 fuerit,
1914 3151 2024 3194 me
2081 3131 2181 3194 sic
2228 3130 2465 3195 existi-

381 3254 748 3319 maturum,
795 3263 952 3306 cum
984 3244 1403 3308 auctoritate
1433 3255 1558 3307 tua
1588 3255 1735 3308 tum
1766 3244 2261 3307 benevolentia
2289 3264 2465 3327 erga

284 3383 328 3417 ν»
382 3375 492 3418 me
540 3354 728 3432 mihi,
778 3357 965 3437 quod
1011 3356 1315 3419 maxime
1362 3357 1722 3439 cupierim,
1770 3356 2169 3438 contigisse.

2506 1649 2573 1701 16
