3025 4825
513 359 598 422 70
1278 356 1352 410 ad
1392 357 1515 409 Att.
1554 356 1728 410 VIII.
1763 356 1814 409 3.

683 549 913 612 Vide
985 570 1235 626 nune,
1305 569 1534 631 quae
1601 550 1789 612 sint
1855 550 1942 611 in
2011 548 2329 612 altera.
2392 548 2589 612 Nihil

509 673 741 726 actum
789 672 897 724 est
942 683 984 724 a
1021 663 1359 744 Pompeio
1393 673 1631 726 nostro
1663 664 2059 744 sapienter,
2088 661 2260 723 nihil
2291 645 2587 734 fortiter,

507 778 692 839 addo
741 776 949 838 etiam
996 775 1168 837 nihil
1215 776 1344 838 nisi
1393 785 1638 838 contra
1683 775 2046 838 consilium
2081 774 2587 837 auctoritatem-

508 909 644 971 que
690 907 934 951 meam.
1026 888 1268 951 omitto
1316 889 1436 951 illa
1481 897 1740 963 vetera,
1805 889 1997 971 quod
2043 888 2249 949 istum
2308 887 2379 949 in
2441 907 2585 948 rem

507 1002 863 1084 publicam
908 1001 1026 1063 ille
1058 1001 1263 1077 aluit,
1330 1002 1546 1078 auxit,
1595 1001 1909 1077 armavit,
1970 1002 2087 1063 ille
2127 1000 2415 1082 legibus
2459 1020 2588 1081 per

506 1115 650 1176 vim
694 1125 764 1176 et
811 1122 1059 1175 contra
1083 1113 1419 1195 auspicia
1465 1113 1776 1176 ferendis
1820 1122 2084 1187 auctor,
2146 1113 2264 1173 ille
2313 1110 2587 1174 Galliae

507 1228 859 1291 ulterioris
927 1226 1312 1302 adiunctor,
1381 1227 1500 1288 ille
1568 1245 1809 1309 gener,
1848 1226 1988 1287 -ille
2048 1225 2118 1287 in
2141 1265 2154 1297 5
2182 1226 2588 1307 adoptando

508 1342 581 1406 P.
622 1339 867 1403 Clodio
915 1361 1164 1422 augur,
1211 1340 1345 1401 ille.
1374 1340 1786 1402 restituendi
1835 1339 1968 1400 mei
2000 1357 2211 1421 quam
2242 1339 2588 1401 retinendi

508 1453 907 1528 studiosior,
957 1453 1076 1514 ille
1123 1453 1531 1534 provinciae
1577 1462 2034 1535 propagator,
2098 1453 2213 1515 ille
2275 1453 2589 1514 absentis

506 1567 577 1628 in
638 1567 962 1630 omnibus
1024 1566 1323 1631 adiutor.
1414 1566 1597 1627 idem
1660 1567 1871 1628 etiam
1932 1566 2135 1628 tertio
2197 1566 2585 1641 consulam,

506 1689 879 1762 postquam
925 1699 1079 1741 esse
1127 1678 1455 1742 defensor
1499 1680 1600 1741 rei
1633 1679 1960 1760 publicae
2008 1680 2261 1760 coepit,
2309 1689 2586 1742 conten-

505 1793 626 1869 dit,
674 1803 751 1854 ut
797 1795 1039 1855 decem
1086 1792 1345 1854 tribuni
1406 1793 1498 1874 pl.
1550 1791 1834 1868 ferrent,
1900 1802 1975 1854 ut
2035 1792 2347 1854 absentis
2409 1793 2587 1854 ratio

503 1907 904 1981 haberetur,
953 1906 1143 1987 quod
1189 1906 1375 1967 idem
1421 1906 1573 1986 ipse
1618 1906 1856 1968 sanxit
1898 1905 2058 1987 lege
2091 1906 2395 1987 quadam
2440 1925 2586 1979 sua,

504 2017 895 2101 Marcoque
947 2018 1286 2081 Marcello
1335 2019 1605 2081 consuli
1652 2016 1920 2080 finienti
1970 2018 2372 2100 provincias
2427 2016 2583 2080 Gal·

501 2134 631 2195 lias
676 2132 1150 2193 kalendarum
1174 2131 1589 2195 Martiarum
1636 2131 1750 2192 die
1779 2132 2052 2194 restitit.
2099 2132 2245 2207 sed,
2296 2139 2372 2192 ut
2412 2132 2587 2193 haec
2665 2159 2688 2184 a

506 2246 844 2320 omittam,
917 2245 1086 2326 quid
1147 2243 1446 2320 foediuS,
1518 2245 1688 2325 quid
1751 2244 2255 2325 perturbatius,
2293 2245 2430 2306 hoc
2498 2246 2588 2305 ab

503 2361 677 2422 urbe
754 2360 1070 2422 discessu
1146 2358 1296 2420 sive
1371 2358 1640 2439 potius⁴
1677 2358 2095 2441 turpissima,
2165 2357 2589 2439 nequissima

504 2471 723 2554 fuga?
799 2472 998 2552 Quae
1077 2472 1397 2534 condicio
1468 2491 1610 2534 non
1678 2472 2089 2552 accipienda
2156 2469 2290 2532 fuit
2356 2471 2587 2552 potius

2638 1583 2690 1620 10

507 2604 719 2667 quam
764 2585 1229 2666 relinquenda
1276 2584 1549 2665 patria?
1599 2583 1824 2645 malae
1872 2584 2321 2646 condiciones
2368 2592 2586 2658 erant,
2635 2642 2642 2648 .

504 2697 754 2772 fateor,
818 2699 944 2759 sed
990 2716 1155 2758 num
1200 2697 1366 2779 quid
1429 2697 1564 2760 hoc
1611 2697 1853 2780 peius?
1947 2700 2014 2759 A
2034 2706 2061 2757 t
2120 2717 2208 2759 re
2226 2718 2263 2759 c
2281 2717 2326 2758 u
2343 2717 2389 2778 p
2413 2716 2451 2757 e
2469 2717 2502 2758 r
2520 2717 2586 2758 a·
2636 2714 2659 2750 2

422 2868 427 2869 ff
503 2810 641 2874 bit
701 2830 878 2872 rem
939 2810 1415 2891 publicam.
1494 2811 1823 2892 quando?
1900 2820 2021 2872 aut
2066 2810 2235 2892 quid
2294 2811 2387 2883 ad
2434 2828 2588 2870 eam

507 2943 710 3005 spem
755 2933 860 2985 est
903 2925 1179 3005 parati?
1259 2944 1396 2985 non
1444 2945 1619 3006 ager
1667 2925 1968 2986 Picenus
2019 2923 2366 2989 amissus?
2445 2943 2585 2985 non

502 3035 939 3119 patefactum
983 3037 1117 3100 iter
1163 3038 1255 3098 ad
1304 3038 1590 3100 urbem?
1685 3057 1822 3099 non
1870 3022 2172 3118 pecunia
2232 3038 2460 3099 omnis
2520 3046 2589 3098 et

502 3150 790 3232 publica
837 3159 909 3211 et
951 3151 1228 3231 privata
1259 3150 1665 3212 adversario
1700 3150 1996 3214 tradita?
2027 3150 2348 3232 ,denique
2395 3151 2584 3212 nulla

505 3283 738 3339 causa,
810 3264 1045 3325 nullae
1114 3265 1319 3340 vireS,
1391 3265 1582 3327 nulla
1651 3265 1877 3340 sedeS‚
1947 3285 2107 3347 quo·
2149 3273 2585 3339 concurrant,
2634 3280 2686 3315 εἴ»

505 3376 624 3458 qui
671 3395 820 3443 rem
865 3377 1216 3457 publicam
1265 3377 1626 3440 defensam
1672 3361 1909 3440 velint.
2000 3378 2267 3458 Apulia
2314 3377 2585 3439 delecta

505 3498 629 3564 est,
678 3489 1078 3552 inanissima
1127 3510 1293 3570 pars
1337 3490 1584 3552 Italiae
1632 3501 1701 3553 et
1745 3493 1836 3553 ab
1884 3492 2149 3572 impetu
2180 3490 2386 3552 huius
2417 3490 2585 3551 belli

504 3601 1000 3680 remotissima3
1086 3601 1260 3685 fuga
1328 3613 1400 3663 et
1466 3603 1811 3664 maritima
1880 3602 2370 3684 opportunitas
2436 3603 2586 3663 visa

505 3715 748 3796 quaeri
797 3716 1315 3795 desperatione.
1406 3716 1596 3777 lente
1658 3715 1813 3796 cepi
1862 3715 2196 3796 Capuam,
2258 3736 2396 3778 non
2446 3736 2584 3797 quo

506 3847 756 3890 munus
816 3828 990 3888 illud
1053 3827 1483 3910 defugerem,
1547 3830 1673 3890 sed
1734 3829 1803 3889 in
1866 3848 1949 3890 ea
2012 3847 2245 3903 causa,
2314 3828 2384 3888 in
2448 3848 2584 3909 qua
2630 3845 2681 3881 τω

504 3941 738 4002 nullus
784 3950 970 4015 esset
1017 3941 1357 4017 ordinum,
1407 3942 1639 4003 nullus
1671 3950 1957 4023 apertus
1989 3941 2422 4022 privatorum
2469 3943 2583 4002 do-

503 4055 632 4129 lor,
703 4055 1048 4115 bonorum
1116 4063 1347 4115 autem
1414 4064 1600 4116 esset
1667 4055 1946 4136 aliquis,
2009 4056 2135 4119 sed
2201 4055 2441 4130 hebes,
2512 4064 2586 4114 ut
