3025 4825
283 1644 339 1681 10

282 2209 336 2247 15

282 2778 335 2815 20

1181 412 1257 465 ad
1294 412 1419 465 Att.
1459 411 1609 465 1111.
1648 411 1695 465 1.
2390 410 2477 473 29

393 628 508 670 res
553 607 1039 670 animadversa
1102 626 1142 668 a
1204 593 1671 696 multitudine}
1709 624 1976 667 summa
2022 603 2473 666 Brundisino-

392 740 542 782 rum
592 720 1066 802 gratulatione
1115 720 1471 783 celebrata
1519 730 1644 781 est.
1721 727 1884 781 ante
1930 717 2115 780 diem
2174 739 2258 780 VI.
2317 716 2475 779 idus

395 831 699 895 Sextiles
797 833 1123 915 cognovi,
1216 852 1371 895 cum
1462 831 1794 894 Brundisi
1887 850 2128 906 essem,
2221 831 2474 895 litteris

391 944 636 1027 Quinti
681 928 988 1007 mirifico*
1022 946 1257 1008 studio
1304 944 1612 1007 omnium
1658 954 1967 1007 aetatum
2031 956 2244 1025 atque
2292 944 2472 1007 ordi-

390 1078 576 1135 num,
653 1057 1046 1120 incredibili
1123 1077 1466 1120 concursu
1541 1057 1791 1121 Italiae
1866 1058 2099 1140 legem
2176 1056 2474 1120 comitiis

390 1172 797 1236 centuriatis
829 1191 980 1234 esse
1011 1172 1374 1253 perlatam.
1410 1171 1573 1234 inde
1598 1192 1640 1233 a
1665 1170 2110 1233 Brundisinis
2134 1153 2471 1234 honestis·

388 1285 580 1347 simis
626 1296 915 1347 ornatus
959 1285 1092 1348 iter
1140 1284 1238 1347 ita
1284 1283 1443 1360 feci,
1504 1297 1583 1348 ut
1628 1284 1936 1366 undique
2001 1285 2093 1347 ad
2146 1304 2260 1346 me
2316 1303 2474 1345 cum

387 1397 864 1481 gratulatione
895 1398 1113 1479 legati
1146 1398 1625 1460 convenerint.
1673 1398 1778 1459 ad
1824 1400 1982 1459 urb
2003 1417 2124 1459 em
2157 1398 2255 1460 ita
2287 1397 2470 1472 veni,

386 1521 464 1575 ut
532 1530 735 1572 nemo
805 1510 1015 1572 ullius
1087 1510 1352 1572 ordinis
1412 1512 1623 1574 homo
1691 1511 2197 1574 nomenclatori
2270 1525 2472 1574 notus

387 1623 619 1699 fuerit,
691 1623 809 1705 qui
879 1622 1046 1685 mihi
1109 1623 1387 1685 obviam
1454 1644 1591 1687 non
1650 1624 1943 1703 venerit,
2006 1633 2290 1705 praeter
2351 1643 2472 1687 eos

386 1737 724 1812 inimiCOS,
794 1736 1048 1818 quibus
1116 1736 1188 1798 id
1259 1737 1505 1818 ipsum,
1576 1756 1651 1799 se
1711 1736 2026 1800 inimicos
2087 1756 2260 1812 esse,
2333 1758 2473 1799 non

386 1850 630 1913 liceret
690 1859 812 1912 aut
873 1849 1310 1911 dissimulare
1372 1863 1492 1914 aut
1554 1869 1840 1933 negare.
1904 1870 2060 1913 cum
2124 1851 2472 1913 venissem

387 1964 494 2025 ad
560 1973 911 2044 portam
983 1961 1449 2044 Capenam,
1520 1966 1857 2046 gradus
1924 1944 2471 2046 templorum

387 2077 491 2138 ab
568 2073 875 2139 infimo
948 2077 1215 2157 plebe
1291 2077 1727 2157 completi
1819 2087 2107 2149 erant;
2201 2097 2244 2138 a
2333 2097 2473 2159 qua

387 2189 640 2270 plausu
671 2188 981 2250 maximo
1028 2208 1184 2250 cum
1217 2199 1398 2250 esset
1430 2188 1597 2250 mihi
1628 2189 2015 2271 gratulatio
2049 2187 2470 2271 significata,

388 2302 632 2363 similis
679 2313 747 2364 et
794 2300 1191 2383 frequentia
1239 2311 1307 2363 et
1353 2302 1643 2383 plausus
1689 2321 1798 2363 me
1844 2322 2127 2385 usque
2176 2304 2280 2364 ad
2331 2300 2469 2364 Ca-

392 2415 818 2499 pitolium
866 2415 1391 2490 celebravit,
1439 2415 1512 2476 in
1558 2413 1858 2498 foroque
1908 2426 1977 2479 et
2024 2417 2095 2478 in
2143 2417 2297 2498 ipso
2347 2415 2469 2478 Ca-

385 2528 635 2610 pitolio
684 2527 1000 2589 miranda
1045 2528 1416 2590 multitudo
1462 2526 1618 2590 fui‘t.
1696 2529 2036 2609 postridie
2082 2529 2154 2591 in
2200 2541 2469 2604 senatu,

388 2642 508 2723 qui
553 2640 687 2703 fuit
734 2640 884 2703 dies
931 2659 1272 2703 nonarum
1304 2639 1845 2722 Septembrium,
1894 2643 2167 2704 senatui
2199 2642 2471 2724 gratias

388 2754 681 2837 egimuS.

562 2866 665 2929 Eo
713 2867 949 2943 biduo,
997 2886 1152 2928 cum
1199 2879 1383 2929 esset
1414 2887 1521 2929 an
1547 2886 1833 2929 nonae
1879 2887 2207 2930 summa
2252 2869 2466 2931 cari-

384 2990 526 3042 tas
572 2990 640 3042 et
670 2980 988 3042 homines
1033 2979 1124 3041 ad
1155 2980 1506 3043 theatrum
1538 2980 1785 3062 primo,
1833 2981 2087 3043 deinde
2135 2983 2227 3044 ad
2274 3001 2466 3044 sena-

300 3129 304 3134 ·
385 3104 534 3155 tum
597 3092 1128 3167 concurrissent,
1193 3092 1497 3175 impulsu
1560 3092 1786 3157 Clodii
1846 3114 2003 3156 mea
2063 3115 2280 3176 opera
2328 3093 2505 3157 fru·'

282 3342 339 3381 25

283 3906 341 3945 30

388 3205 603 3267 menti
663 3204 973 3286 inopiam
1033 3224 1186 3267 esse
1247 3205 1651 3283 clamarent,
1713 3226 1871 3269 cum
1939 3227 2067 3290 per
2134 3228 2255 3271 eos
2320 3208 2469 3270 dies

386 3328 670 3380 senatus
716 3318 804 3381 de
850 3336 1129 3379 annona
1174 3318 1557 3381 haberetur
1602 3331 1672 3382 et
1717 3321 1809 3381 ad
1856 3320 2003 3383 eius
2034 3323 2470 3402 procuratio·

386 3451 546 3493 nem
591 3450 910 3492 sermone
956 3450 1094 3493 non
1143 3431 1364 3494 solum
1410 3432 1660 3512 plebiS,
1707 3452 1947 3495 verum
1995 3434 2204 3496 etiam
2250 3436 2465 3498 bono·

386 3562 540 3605 rum
616 3543 1097 3625 Pompeius
1170 3556 1545 3607 vocaretur
1630 3546 1842 3628 idque
1934 3546 2084 3628 ipse
2176 3559 2467 3630 cuperet

387 3656 903 3738 multitudoque
963 3677 1005 3718 a
1069 3678 1176 3721 me
1239 3658 1666 3732 nominatim,
1728 3670 1806 3721 ut
1863 3659 1934 3721 id
1996 3661 2465 3738 decernerem,

387 3769 797 3850 postularet,
867 3768 1003 3833 feci
1073 3782 1142 3833 et
1210 3780 1537 3833 accurate
1596 3773 2012 3835 sententiam
2073 3774 2238 3851 dixi,
2309 3795 2465 3838 cum

390 3884 715 3946 abessent
777 3885 1198 3959 consulareS,
1261 3884 1452 3966 quod
1511 3894 1666 3947 tuto
1727 3904 1803 3947 se
1850 3898 2193 3969 negarent
2256 3908 2464 3969 posse

389 3996 805 4059 sententiam
853 3996 1104 4072 dicere,
1167 4005 1449 4079 praeter
1492 3996 1893 4060 Messallam
1955 4011 2024 4062 et
2070 3999 2464 4063 Afranium.

390 4106 720 4172 factum
791 4120 923 4172 est
998 4122 1363 4174 senatus
1439 4112 1946 4174 consultum
2022 4113 2107 4174 in
2196 4134 2463 4176 meam
