3025 4825
629 411 709 473 78
1396 409 1471 463 ad
1507 408 1643 463 fam.
1683 410 1817 465 XV.
1855 410 1936 462 15.

625 604 953 684 quoniam
1013 594 1163 665 eius
1222 602 1496 666 consilii
1559 604 1891 685 princeps
1958 624 2095 687 ego
2157 604 2375 668 fuisse
2435 606 2696 681 videor,

623 714 1145 795 plus-‘fortasse
1210 715 1337 778 tibi
1384 726 1753 797 praestare
1800 717 1952 798 ipse
1999 718 2225 780 debeo
2273 737 2484 799 quam
2543 738 2585 779 a
2632 727 2695 779 te

621 838 1074 910 exspectare;
1137 828 1288 903 etsi,
1352 838 1429 890 ut
1488 844 1704 910 saepe
1765 830 1957 892 soleo
2006 849 2277 892 mecum
2323 830 2695 905 recordari,

620 960 849 1004 sermo
889 940 1277 1003 'familiaris
1322 921 1536 1003 meus*
1564 950 1796 1002 tecum
1854 951 1925 1003 et
1981 941 2147 1004 item
2205 961 2476 1005 mecum
2538 953 2694 1005 tuus

619 1053 918 1114 adduxit
961 1062 1329 1133 utrumque
1377 1063 1693 1115 nostrum
1739 1055 1830 1116 ad
1877 1053 1949 1116 id
1996 1053 2385 1131 consilium,
2436 1065 2513 1116 ut
2556 1075 2691 1117 uno

619 1166 888 1246 proelio
935 1175 1359 1248 putaremus,
1423 1167 1482 1228 si
1547 1185 1687 1228 non
1736 1175 1953 1228 totam
2012 1186 2315 1244 causam,
2381 1168 2479 1230 at'
2513 1178 2695 1229 certe

541 1344 544 1347 ,
619 1287 932 1340 nostrum
989 1278 1321 1340 iudicium
1396 1276 1672 1340 definiri
1734 1279 2129 1342 convenire.
2221 1299 2448 1360 neque
2498 1280 2695 1363 ¹quis·

620 1406 829 1470 quam
872 1390 1053 1452 hanc
1099 1400 1410 1452 nostram
1454 1391 1878 1453 sententiam
1908 1410 2073 1453 vere
2103 1411 2434 1473 umquam
2466 1412 2693 1474 repre·

617 1503 861 1564 hendit
891 1512 1170 1583 praeter
1215 1522 1357 1579 eOS,
1407 1504 1524 1585 qui
1557 1505 1985 1566 arbitrantur
2017 1502 2271 1566 melius‘
2295 1524 2449 1567 esse
2483 1506 2694 1568 deleri

618 1615 899 1677 omnino
959 1634 1107 1676 rem
1168 1615 1526 1696 publicam
1591 1635 1799 1698 quam
1845 1617 2278 1680 imminutam
2340 1628 2411 1680 et
2456 1620 2693 1681 debili-

618 1738 835 1790 tatam
880 1747 1197 1801 manere;
1262 1748 1398 1810 ego
1445 1739 1682 1792 autem
1744 1749 1835 1791 ex
1882 1730 2165 1792 interitu
2225 1731 2376 1792 eius
2428 1734 2696 1794 nullam

616 1859 816 1921 spem
845 1840 1112 1904 scilicet
1143 1841 1309 1903 mihi
1341 1843 1853 1923 proponebam,
1880 1862 1973 1904 ex
2003 1842 2320 1925 reliquiis
2343 1863 2692 1927 magnam.

790 1954 940 2018 Sed*
979 1974 1063 2016 ea
1109 1965 1271 2017 sunt
1314 1965 1711 2031 consecuta,
1759 1966 1836 2017 ut
1882 1956 2110 2039 magis
2157 1957 2407 2018 mirum
2451 1958 2544 2018 sit
2587 1979 2696 2020 ac-

617 2066 850 2128 cidere
897 2067 1017 2129 illa
1049 2067 1384 2148 potuisse,
1434 2086 1643 2148 quam
1692 2087 2006 2130 nos‚non
2033 2069 2293 2131 vidisse
2342 2088 2425 2131 ea
2457 2069 2693 2132 futura

615 2199 762 2257 nec,
809 2180 1129 2242 homines
1176 2199 1333 2241 cum
1377 2198 1710 2256 essemuS‚
1760 2180 2075 2242 divinare
2122 2183 2455 2263 potuisse.
2506 2184 2690 2264 equi-

613 2296 774 2356 dem
818 2292 1046 2356 fateor
1092 2312 1361 2355 meam
1407 2294 2032 2356 coniecturam
2092 2297 2324 2358 hanc
2386 2295 2688 2372 fuisse,

613 2416 700 2469 ut
744 2407 909 2470 illo
958 2406 1213 2488 quasi
1263 2407 1656 2489 quodam
1693 2405 1974 2470 fatali
2022 2409 2381 2490 proelio
2444 2408 2688 2473 facto

614 2530 699 2581 et
766 2520 1171 2583 victores
1239 2522 1679 2583 communi
1748 2522 2028 2584 saluti
2099 2522 2453 2585 consuli
2522 2524 2686 2585 vel-

612 2633 803 2695 lent
846 2641 926 2694 et
969 2633 1189 2694 victi
1237 2652 1479 2704 suae;
1530 2642 1900 2714 utrumque
1933 2644 2167 2696 autem
2199 2635 2508 2716 positum
2539 2655 2689 2697 esse

613 2746 1011 2809 arbitrabar
1084 2745 1155 2806 in
1231 2745 1593 2809 celeritate
1653 2746 1968 2820 victoris;
2048 2766 2227 2827 quae
2300 2748 2359 2810 si
2427 2747 2690 2823 fuisset,

612 2859 907 2920 eandem
984 2858 1426 2919 clementiam
1501 2869 1803 2938 experta
1880 2870 2061 2921 esset
2139 2858 2407 2935 Africa,
2487 2880 2691 2942 quam

612 2971 948 3052 cognovit
996 2971 1190 3046 Asia,
1263 2991 1469 3052 quam
1531 2972 1742 3034 etiam
1790 2972 2067 3034 Achaia
2127 2982 2219 3049 te,
2283 2984 2359 3035 ut
2423 2974 2688 3055 opinor,

611 3084 764 3163 ipso
811 3084 1049 3166 legato
1096 3105 1178 3146 ac
1226 3086 1706 3166 deprecatore.
1768 3086 2041 3147 amissis
2087 3096 2318 3148 autem
2366 3087 2690 3169 tempori-

610 3199 763 3273 buS‚
835 3216 1015 3279 quae
1082 3198 1457 3279 plurimum
1519 3199 1778 3272 valent,
1856 3199 2269 3281 praesertim
2345 3199 2416 3260 in
2491 3199 2689 3267 bellis

611 3310 953 3385 civilibuS,
1003 3311 1456 3392 interpositus
1502 3332 1725 3373 annus
1773 3312 1945 3375 alios
1993 3313 2288 3386 induxit,
2355 3324 2432 3375 ut
2476 3313 2687 3375 victo-

612 3423 784 3484 riam
831 3433 1216 3504 sperarent,
1263 3424 1459 3499 alios,
1508 3435 1586 3487 ut
1634 3425 1861 3505 ipsum
1906 3424 2092 3486 vinci
2140 3435 2685 3495 contemnerent.

610 3547 821 3617 atque
864 3539 1110 3603 horum
1158 3537 1498 3599 malorum
1545 3538 1849 3600 omnium
1896 3539 2174 3619 culpam
2218 3537 2503 3601 fortuna
2551 3558 2685 3622 sus-

609 3650 805 3713 tinet.
915 3649 1067 3729 quis
1174 3651 1357 3711 enim
1433 3662 1554 3714 aut
1632 3651 2100 3713 Alexandrini
2177 3652 2342 3713 belli
2419 3663 2686 3716 tantam

611 3781 875 3824 moram
936 3761 1099 3823 huic
1159 3762 1348 3823 bello
1410 3763 1814 3825 adiunctum
1876 3763 1958 3824 iri
2019 3774 2139 3826 aut
2200 3764 2435 3826 nescio
2484 3783 2686 3845 quem

610 3875 818 3936 istum
864 3875 1297 3938 Pharnacem
1331 3876 1547 3938 A'siae
1593 3887 1929 3939 terrorem
1976 3876 2330 3939 illaturum
2361 3881 2683 3958 putaret?

783 3988 959 4050 Nos
1006 3998 1295 4051 tamen
1359 3991 1445 4051 in
1492 3990 1886 4053 consilio
1934 3989 2133 4071 pari
2182 4009 2392 4052 casu
2439 3990 2684 4053 dissi·

609 4102 795 4162 mili
858 4102 991 4163 usi
1039 4122 1365 4174 sumus:
1426 4114 1504 4165 tu
1553 4103 1735 4165 enim
1784 4122 1939 4164 eam
1986 4111 2256 4184 partem
2304 4104 2564 4184 petisti,
2611 4113 2685 4165 ut

2743 1641 2793 1679 10

2741 2206 2794 2245 15

2739 2775 2795 2812 20

2738 3332 2791 3371 85

2734 3895 2792 3932 80
