3025 4825
592 405 677 468 10
1379 403 1455 455 ad
1496 405 1620 457 Att.
1661 404 1709 456 1.
1749 403 1828 456 19.

584 598 915 661 eximiam
966 601 1319 680 quandam
1363 611 1579 681 atque
1639 600 2100 662 immortalem
2144 599 2445 681 gloriam
2504 617 2666 660 con·

582 723 866 773 secutus
896 731 1071 787 sum,
1105 732 1276 774 non
1306 712 1627 774 destiti
1673 713 1980 774 eadem
2024 711 2295 773 animi
2341 710 2666 792 magni-

581 824 899 887 tudine
960 824 1048 885 in
1108 844 1204 886 re
1262 826 1645 905 publica
1689 824 2046 887 versari
2106 835 2192 886 et
2238 824 2491 885 illam
2551 823 2665 884 in·

583 939 1001 1001 stitutam
1060 957 1161 1000 ac
1220 950 1736 1019 susceptam
1782 938 2327 1021 dignitatem
2391 936 2664 1006 tueri;

580 1051 729 1125 sed,
775 1067 1241 1133 posteaquam
1284 1052 1586 1131 primum
1633 1050 1861 1113 Clodii
1917 1050 2364 1113 absolutione
2422 1049 2664 1111 levita·

581 1172 721 1225 tem
791 1161 1412 1246 infirmitatemque
1493 1164 1908 1226 iudiciorum
1976 1163 2333 1245 perspexi,
2409 1163 2664 1224 deinde

582 1276 729 1338 vidi
806 1288 1085 1340 nostros
1159 1277 1579 1359 publicanos
1652 1275 1864 1338 facile
1935 1296 1980 1338 a
2053 1288 2303 1339 senatu
2370 1276 2665 1357 diiungi,

584 1410 1007 1472 quamquam
1053 1410 1097 1451 a
1144 1408 1257 1451 me
1301 1390 1456 1470 ipso
1502 1410 1644 1452 non
1682 1389 2204 1463 divellerentur,
2248 1400 2398 1450 tum
2428 1399 2663 1451 autem

581 1504 833 1565 beatos
856 1502 1175 1565 homines
1197 1538 1285 1547 —
1307 1503 1439 1565 hos
1459 1503 1879 1583 piscinarios
1903 1502 2084 1575 dico,
2108 1502 2374 1564 amicos
2395 1514 2557 1564 tuos
2579 1538 2663 1545 —

583 1636 722 1679 non
784 1617 1083 1678 obscure
1150 1615 1356 1678 nobis
1413 1616 1751 1691 invidere,
1819 1615 2068 1696 putavi
2129 1615 2297 1677 mihi
2365 1615 2664 1677 maiores

584 1729 921 1810 quasdam
969 1747 1141 1809 opes
1185 1740 1257 1792 et
1301 1726 1613 1791 firmiora
1656 1728 2012 1809 praaeidia
2056 1748 2209 1790 oese
2240 1729 2662 1810 quaerenda.

584 1842 823 1922 itaque
855 1841 1154 1922 primum
1186 1861 1367 1917 eum,
1412 1842 1533 1923 qui
1565 1842 1851 1903 nimium
1883 1842 2005 1903 diu
2050 1843 2138 1904 de
2168 1842 2378 1903 rebus
2409 1841 2664 1903 nostris

583 1965 923 2029 tacuerat,
987 1954 1519 2036 Pompeium,
1582 1956 1920 2017 adduxi
1983 1956 2069 2016 in
2131 1975 2318 2017 eam
2361 1956 2662 2018 volun·

583 2079 880 2143 tatem,
928 2079 1020 2131 ut
1067 2068 1157 2128 in
1207 2081 1532 2131 senatu
1592 2087 1761 2130 non
1822 2070 2118 2143 semel,
2179 2070 2332 2130 sed
2391 2088 2663 2149 saepe

583 2181 1078 2261 multisque
1122 2182 1432 2243 verbis
1474 2182 1743 2243 huius
1804 2181 2023 2243 mihi
2085 2183 2468 2244 salutem
2530 2182 2663 2244 im·
2751 2215 2765 2238 »

584 2294 819 2375 perii
886 2306 1156 2374 atque
1244 2295 1492 2356 orbis
1557 2304 2002 2357 terrarum
2069 2295 2663 2357 adiudicarit.

582 2408 772 2491 quod
834 2428 976 2471 non
1036 2419 1179 2470 tam
1241 2406 1559 2471 interfuit
1619 2427 1777 2470 mea
1822 2445 1907 2454 --
1967 2427 2196 2491 neque
2257 2408 2443 2471 enim
2503 2408 2664 2470 illae

580 2541 693 2584 res
737 2533 860 2585 aut
919 2522 1019 2584 ita
1061 2532 1225 2584 sunt
1273 2522 1642 2594 obscurae,
1703 2533 1779 2584 ut
1824 2521 2322 2597 testimonium,
2385 2533 2508 2585 aut
2567 2523 2666 2585 ita

582 2633 861 2709 dubiae,
937 2644 1014 2697 ut
1091 2634 1570 2696 laudationem
1646 2634 2047 2697 desiderent
2121 2670 2205 2679 -
2277 2654 2486 2715 quam
2562 2636 2663 2696 rei

576 2747 947 2827 publicae;
999 2748 1189 2828 quod
1241 2762 1442 2809 erant
1487 2748 1774 2828 quidam
1818 2748 2144 2828 improbi,
2200 2748 2318 2827 qui
2382 2758 2663 2810 conten·
2712 2771 2736 2806 2

580 2861 844 2923 tionem
888 2858 1042 2922 fore
1091 2860 1399 2940 aliquam
1446 2860 1613 2921 mihi
1674 2880 1830 2922 cum
1879 2860 2220 2941 Pompeio
2281 2880 2375 2922 ex
2434 2880 2663 2922 rerum

582 2974 857 3035 illarum
920 2973 1353 3036 dissensione
1423 2973 1956 3049 arbitrarentur,
2015 2993 2200 3035 cum
2267 2974 2433 3036 hoc
2501 2993 2664 3056 ego

582 3106 707 3148 me
752 3094 1016 3148 tanta
1060 3084 1716 3149 familiaritate
1779 3086 2234 3160 coniunxi,
2296 3097 2388 3149 ut
2446 3097 2663 3149 uter-

582 3219 748 3281 que
794 3213 1191 3262 nostrum
1239 3200 1324 3261 in
1370 3219 1522 3260 sua
1568 3199 1926 3262 ratione
1975 3199 2402 3262 munitior
2448 3211 2534 3263 et
2578 3200 2663 3261 in

2715 1640 2768 1676 10

584 3331 673 3374 re
719 3312 1089 3393 publica
1133 3310 1493 3374 firmior
1538 3313 1702 3375 hac
1749 3312 2409 3376 coniunctione
2469 3332 2664 3374 esse
2712 3336 2763 3373 εἴ»

496 3436 531 3483 8
584 3425 899 3504 possit.
977 3424 1143 3487 odia
1217 3435 1454 3486 autem
1513 3425 1636 3486 illa
1694 3425 2117 3489 libidinosae
2188 3437 2258 3489 et
2321 3425 2664 3489 delicatae

581 3537 982 3613 iuventutiS,
1033 3556 1216 3618 quae
1262 3547 1466 3600 erant
1512 3537 1585 3598 in
1644 3557 1753 3598 me
1800 3538 2113 3614 incitata,
2176 3538 2276 3599 sic
2339 3537 2664 3621 mitigata

583 3660 743 3713 sunt
790 3650 1119 3713 comitate
1166 3651 1468 3732 quadam
1515 3670 1694 3721 mea,
1741 3670 1850 3712 me
1896 3671 2108 3713 unum
2156 3662 2232 3714 ut
2278 3670 2519 3714 omnes
2564 3652 2663 3712 illi

584 3762 840 3826 colant.
932 3763 1107 3824 nihil
1153 3763 1292 3825 iam
1339 3763 1646 3844 denique
1691 3784 1734 3825 a
1781 3783 1890 3825 me
1937 3784 2264 3845 asperum
2312 3764 2381 3826 in
2430 3785 2663 3845 quem·

586 3895 797 3956 quam
842 3873 942 3952 fit,
990 3895 1121 3938 nec
1168 3886 1402 3938 tamen
1450 3876 1826 3957 quicquam
1854 3876 2197 3958 populare
2243 3896 2327 3939 ac
2374 3878 2664 3941 dissolu-

583 4000 752 4063 tum,
799 3989 925 4050 sed
957 3988 1057 4051 ita
1089 3998 1486 4070 temperata
1515 4000 1668 4052 tota
1703 3989 1885 4051 ratio
1917 4000 2044 4061 est,
2092 4000 2167 4051 ut
2198 3990 2297 4051 rei
2334 3991 2663 4071 publicae

583 4101 1046 4164 constantiam
1093 4114 1466 4182 praestem,
1527 4102 1821 4183 privatis
1885 4103 2055 4164 meis
2115 4102 2325 4163 rebus
2370 4113 2664 4184 propter

2713 3901 2763 3938 30
