3025 4825
1166 411 1170 417 *
1209 456 1284 508 ad
1320 454 1455 508 fam.
1492 454 1645 507 IIII.
1678 453 1730 507 4.
2426 452 2511 518 83

425 651 633 715 nobis
698 670 842 714 non
908 660 986 713 tu
1047 649 1323 731 quidem
1391 668 1655 711 vacuus
1714 647 2075 723 molestiiS,
2145 646 2269 708 sed
2336 664 2510 727 prae

426 763 632 826 nobis
676 764 948 825 beatus,
1040 772 1246 843 atque
1290 762 1427 824 hoc
1471 761 1627 843 ipso
1675 761 1921 823 melior
1980 771 2084 824 est
2129 769 2254 823 tua
2299 776 2509 837 quam

427 886 668 939 nostra
712 874 1056 950 condicio,
1119 875 1308 955 quod
1352 884 1451 950 tu,
1515 874 1681 955 quid
1731 873 1988 966 doleat,
2037 871 2345 935 scribere
2395 891 2507 933 au·

425 990 570 1065 deS,
634 1009 763 1051 nos
825 1006 912 1050 ne
975 987 1049 1049 id
1095 987 1376 1068 quidem
1419 988 1572 1052 tuto
1616 1004 2007 1068 possumus,
2075 1004 2205 1048 nec
2250 985 2323 1047 id
2368 984 2508 1047 vic·

346 1129 374 1166 5
421 1102 595 1166 toris
624 1100 818 1177 vitio,
867 1120 1005 1181 quo
1039 1099 1213 1161 nihil
1244 1098 1693 1175 moderatius,
1740 1099 1866 1161 sed
1896 1098 2114 1179 ipsius
2145 1096 2505 1174 victoriae,

425 1233 605 1296 quae
650 1212 975 1276 civilibus
1019 1211 1224 1275 bellis
1269 1230 1549 1293 semper
1595 1221 1700 1274 est
1733 1211 2079 1304 ¹insolens.

595 1326 791 1389 Uno
876 1337 963 1390 te
1030 1323 1490 1401 vincimus,
1571 1325 1802 1405 quod
1878 1325 1984 1386 de
2058 1322 2508 1399 Marcelli,

422 1441 852 1523 collegae
899 1438 1055 1515 tui,
1102 1438 1415 1501 salute
1460 1436 1778 1519 paullo
1840 1447 2047 1500 ante
2095 1456 2349 1518 quam
2411 1446 2508 1499 tu

419 1552 1038 1637 cognovimuS,
1100 1551 1309 1613 etiam
1375 1550 1774 1612 mehercule
1846 1550 2056 1632 quod,
2133 1568 2341 1631 quem
2409 1551 2501 1612 ad

314 1696 370 1734 ιο
420 1667 702 1730 modum
748 1684 834 1727 ea
877 1685 990 1728 res
1035 1674 1410 1747 ageretur,·
1445 1663 1768 1728 vidimus,
1837 1683 2000 1725 nam
2044 1663 2144 1726 sic
2190 1662 2305 1726 fac
2352 1663 2507 1726 exi·

417 1780 676 1857 stimeS‚
745 1789 907 1862 post
970 1780 1100 1841 has
1158 1778 1493 1853 miseria5‚
1563 1777 1636 1839 id
1705 1785 1811 1839 est
1856 1786 2231 1859 postquam
2297 1776 2508 1838 armis

417 1892 797 1973 disceptari
844 1903 1174 1975 coeptum
1231 1891 1321 1954 sit
1385 1891 1470 1953 de
1519 1890 1669 1953 iure
1729 1891 2041 1972 publico,
2115 1889 2289 1953 nihil
2353 1909 2504 1953 esse

415 2015 652 2068 actum
719 2005 913 2067 aliud
980 2024 1138 2067 cum
1203 2004 1587 2087 dignitate;
1656 2022 1819 2065 nam
1886 2013 1956 2066 et
2023 2004 2173 2085 ipse
2241 2002 2502 2066 Caesar

413 2128 745 2181 accusata
789 2118 1260 2195 ,‚acerbitate“
1308 2116 1630 2179 Marcelli
1676 2155 1763 2165 —
1807 2117 1906 2179 sic
1953 2117 2138 2178 enim
2186 2116 2511 2200 appella,

311 2254 366 2291 15
415 2232 541 2295 bat
582 2268 673 2278 --
714 2231 1143 2311 laudataque
1207 2227 1914 2293 honorificentissime
1990 2240 2061 2293 et
2146 2231 2504 2321 aequitate

415 2354 540 2407 tua
584 2354 655 2407 et
700 2343 1076 2426 prudentia
1121 2352 1411 2425 repente
1456 2353 1741 2425 praeter
1784 2363 1980 2426 spem
2028 2344 2209 2406 dixit
2259 2364 2334 2406 se
2395 2363 2496 2407 se·

415 2457 611 2520 natui
657 2457 939 2541 roganti
985 2459 1074 2520 de
1119 2456 1459 2519 Marcello
1522 2476 1610 2519 ne
1673 2457 1920 2520 ominis
1967 2458 2248 2538 quidem
2292 2478 2505 2521 causa

414 2581 871 2653 negaturum;
930 2569 1198 2633 fecerat
1243 2579 1479 2632 autem
1524 2570 1659 2633 hoc
1709 2581 2013 2647 senatus,
2075 2582 2173 2648 ut,
2236 2590 2393 2633 cum
2457 2591 2500 2633 a

413 2680 491 2744 L.
517 2681 775 2745 Pisone
821 2682 1084 2746 mentio
1130 2692 1314 2745 esset
1355 2681 1549 2745 facta
1593 2683 1681 2745 de
1712 2682 2052 2746 Marcello
2100 2693 2170 2746 et
2208 2681 2283 2745 C.
2309 2682 2507 2746 Mar-

309 2822 363 2859 20
422 2794 641 2856 cellus
685 2813 762 2857 se
809 2796 900 2857 ad
933 2794 1250 2857 Caesaris
1294 2796 1514 2876 pedes
1561 2796 1953 2873 abiecisset,
2002 2805 2293 2859 cunctus
2337 2816 2504 2860 con-

411 2914 738 2989 surgeret
819 2915 890 2969 et
947 2908 1040 2968 ad
1086 2905 1458 2969 Caesarem
1515 2908 1822 2990 supplex
1880 2908 2268 2970 accederet.
2361 2908 2503 2970 noli

411 3039 784 3100 quaerere3
853 3020 953 3082 ita
1020 3020 1188 3081 mihi
1256 3020 1554 3103 pulcher
1613 3021 1729 3084 hic
1776 3021 1924 3083 dies
1971 3020 2164 3083 visus
2224 3030 2351 3098 est,
2412 3031 2490 3084 ut

407 3132 717 3213 speciem
776 3132 1082 3213 aliquam
1127 3132 1403 3196 viderer
1448 3134 1691 3196 videre
1753 3135 1949 3215 quasi
2011 3134 2494 3197 reviviscentis

409 3244 513 3306 rei
559 3244 910 3327 publicae.
1000 3245 1259 3327 itaque,
1310 3264 1520 3308 cum‘
1559 3266 1855 3309 omnes
1916 3257 2123 3310 ante
2185 3267 2309 3309 me
2372 3267 2501 3310 ro·

304 3380 360 3419 25
406 3357 603 3440 gati
663 3358 1021 3439 gratias
1081 3357 1454 3421 Caesari
1520 3358 1947 3441 egissent
1992 3370 2276 3442 praeter
2321 3357 2497 3423 Vol·

409 3469 670 3533 catium
712 3507 803 3517 -—-
847 3471 904 3534 is
950 3472 1155 3548 enim,
1201 3472 1260 3534 si
1307 3491 1391 3536 eo
1438 3472 1597 3536 loco
1645 3454 1846 3548 esset,
1895 3474 2186 3556 negavit
2228 3493 2304 3536 se
2351 3472 2494 3536 fac-

409 3592 641 3645 turum
702 3582 916 3646 fuisse
960 3621 1067 3661 —,
1135 3605 1299 3668 ego
1368 3595 1751 3668 rogatus
1820 3586 2156 3649 mutavi
2225 3605 2504 3648 meum

407 3695 928 3770 consilium;
977 3716 1138 3760 nam
1168 3707 1552 3760 statueram
1598 3718 1739 3761 non
1771 3699 2168 3791 mehercule
2213 3698 2493 3774 inertia,

413 3809 539 3871 sed
587 3809 936 3885 desiderio
981 3811 1320 3892 pristinae
1367 3812 1736 3895 dignitatis
1795 3813 1866 3874 in
1912 3823 2331 3895 perpetuum
2393 3822 2492 3875 ta-

295 3941 354 3979 30
405 3940 584 3986 cere.
632 3921 925 4005 fregit
966 3924 1132 3987 hoc
1181 3943 1453 3988 meum
1498 3925 1983 3988 consilium
2050 3936 2135 3989 et
2183 3924 2496 3988 Caesa·

408 4035 535 4097 ris
583 4037 1115 4119 magnitudo
1163 4038 1432 4103 animi
1481 4049 1568 4102 et
1614 4049 1991 4102 senatus
2039 4037 2502 4113 officium:

406 4149 726 4230 itaque
759 4149 1182 4231 pluribus
1214 4152 1526 4215 verbis
1558 4152 1702 4235 egi
1736 4151 2106 4216 Caesari
2139 4152 2503 4236 gratias

2284 4270 2356 4323 6-1·
