3025 4825
332 1638 387 1675 10

335 2204 391 2241 15

343 2772 395 2809 20

1207 413 1283 466 ad
1320 414 1445 467 Att.
1483 412 1636 467 1111.
1670 413 1721 466 2.
2431 414 2516 478 33

436 617 711 688 perunt.
772 625 931 669 cum
976 606 1365 668 sententiae
1410 605 1872 689 gravissimae
1932 605 2355 682 dicerentur,
2415 625 2515 667 se·

435 720 635 782 natui
680 719 962 801 placere
1009 718 1176 781 mihi
1223 721 1506 782 domum
1553 719 1845 795 restitui,
1892 718 2238 801 porticum
2290 716 2518 780 Catuli

437 832 678 906 locari,
723 831 1216 895 auctoritatem
1263 831 1527 895 ordinis
1584 833 1674 893 ab
1722 831 2048 894 omnibus
2093 830 2519 914 magistrati-

435 947 569 1007 bus
613 943 919 1019 defendi,
966 944 1023 1006 si
1071 963 1252 1026 quae
1300 945 1406 1006 vis
1452 952 1635 1006 esset
1666 941 1877 1020 facta,
1924 955 2243 1007 senatum
2291 942 2517 1007 existi-

437 1069 787 1120 maturum
832 1058 979 1119 eius
1026 1077 1243 1139 opera
1287 1056 1552 1119 factum
1612 1076 1783 1131 esse,
1851 1057 1971 1139 qui
2031 1066 2315 1120 senatus
2360 1075 2518 1119 con·

436 1169 622 1234 sulto
710 1171 1236 1245 intercessisset,
1327 1207 1414 1216 —-
1516 1168 1859 1235 Serranus
1964 1169 2342 1252 pertimuit,
2450 1182 2521 1233 et

440 1281 849 1346 Cornicinus
894 1284 985 1345 ad
1030 1302 1227 1345 suam
1258 1293 1569 1346 veterem
1601 1281 1915 1345 fabulam
1947 1282 2192 1345 rediit:
2241 1282 2520 1345 abiecta

436 1406 611 1478 toga
671 1415 747 1458 se
809 1397 898 1457 ad
944 1396 1189 1478 generi
1249 1396 1471 1477 pedes
1519 1395 1799 1459 abiecit.
1890 1396 2009 1457 ille
2058 1405 2334 1459 noctem
2380 1394 2519 1457 sibi

438 1509 860 1591 postulavit;
909 1528 1049 1572 non
1096 1510 1600 1584 concedebant,
1664 1509 2295 1572 reminiscebantur
2338 1508 2523 1570 enim

437 1622 900 1685 kalendarum
930 1621 1428 1684 Ianuariarum.
1475 1622 1601 1683 vix
1646 1623 1930 1685 tandem
1963 1622 2050 1683 de
2082 1641 2237 1683 mea
2282 1621 2521 1685 volun·

439 1746 586 1798 tate
634 1754 1044 1797 concessum
1093 1745 1214 1798 est.

616 1848 1082 1912 Postridie
1151 1858 1533 1910 senatus
1602 1848 2111 1911 consultum
2182 1846 2524 1911 factum
2578 1858 2604 1906 ἴ

441 1971 578 2024 est
623 1962 714 2035 id,
765 1963 954 2043 quod
1001 1962 1092 2023 ad
1136 1972 1208 2024 te
1255 1961 1426 2024 misi.
1505 1960 1760 2023 deinde
1806 1961 2131 2024 consules
2178 1961 2525 2043 porticum

444 2072 674 2137 Catuli
704 2074 1206 2137 restituendam
1228 2075 1588 2146 locarunt;
1625 2074 1816 2135 illam
1840 2074 2186 2155 porticum
2212 2075 2527 2155 redemp-

440 2196 632 2249 tores
697 2187 935 2249 statim
1003 2202 1162 2249 sunt
1233 2187 1548 2250 demoliti
1622 2187 2105 2249 libentissimis
2180 2186 2524 2250 omnibus·

444 2300 648 2363 nobis
706 2296 1151 2381 superficiem
1211 2299 1490 2361 aedium
1538 2300 1860 2364 consules
1925 2301 2014 2361 de
2060 2299 2330 2362 consilii
2378 2319 2528 2361 sen·

443 2414 665 2476 tentia
732 2413 1191 2476 aestimarunt
1263 2413 1585 2476 sestertio
1654 2413 1938 2486 vicienS,
2009 2423 2246 2477 cetera
2320 2412 2529 2476 valde

443 2526 915 2590 illiberaliter:
963 2525 1433 2587 Tusculanam
1477 2526 1720 2587 villam
1780 2524 1905 2590 HS
1952 2526 2361 2609 quingentis
2407 2527 2528 2587 mi-

444 2639 649 2713 libus,
714 2638 1163 2701 Formianum
1239 2639 1558 2702 ducentis
1623 2638 2144 2721 quinquaginta
2212 2638 2528 2702 milibus:

448 2770 631 2834 quae
676 2751 1070 2814 aestimatio
1132 2771 1272 2814 non
1332 2753 1543 2815 modo
1589 2752 2044 2814 vehementer
2105 2752 2196 2814 ab
2261 2752 2529 2834 optimo

450 2883 752 2946 quoque,
822 2866 946 2926 sed
1006 2864 1218 2928 etiam
1285 2884 1329 2926 a
1373 2865 1586 2947 plebe
1646 2865 2206 2947 reprehenditur.
2299 2865 2529 2929 dices:

453 2977 665 3058 „quid
711 2977 928 3059 igitur
974 2997 1227 3039 causae
1273 2976 1495 3041 fuit?“
1546 2977 1787 3040 dicunt
1832 2979 1932 3040 illi
1979 2979 2263 3060 quidem
2309 2979 2526 3059 pudo·

450 3109 598 3151 rem
662 3109 910 3165 meum,
974 3091 1164 3172 quod
1222 3109 1451 3172 neque
1515 3091 1835 3172 negarim
1882 3111 2113 3174 neque
2159 3092 2530 3153 vehemen-

448 3203 587 3265 tius
633 3203 1080 3284 postularim;
1128 3205 1251 3265 sed
1297 3223 1437 3266 non
1484 3214 1596 3266 est
1642 3204 1713 3265 id
1744 3242 1831 3250 --
1862 3224 2021 3266 nam
2066 3206 2203 3268 hoc
2248 3204 2530 3287 quidem

348 3340 371 3375 ιε
451 3316 660 3378 etiam
722 3314 1102 3397 profuisset
1147 3354 1251 3393 -—,
1301 3336 1543 3378 verum
1603 3316 1833 3391 iidem,
1896 3317 1989 3378 mi
2035 3317 2112 3378 T.
2164 3317 2529 3399 Pomponi,

451 3429 681 3505 iidem,
731 3429 1034 3511 inquam,
1082 3429 1204 3505 illi,
1252 3449 1428 3510 quos
1476 3448 1563 3490 ne
1611 3439 1687 3490 tu
1733 3429 2017 3511 quidem
2056 3430 2361 3513 ignoras,
2410 3431 2530 3512 qui

451 3541 620 3602 mihi
665 3540 919 3622 pinnas
964 3540 1373 3616 inciderant,
1422 3541 1671 3604 nolunt
1715 3543 1996 3603 easdem
2043 3543 2334 3605 renasci.
2383 3544 2529 3613 sed,

453 3664 530 3716 ut
575 3674 803 3735 spero,
865 3654 1005 3716 iam
1049 3666 1533 3717 renascuntur.
1622 3664 1701 3716 tu
1763 3656 1970 3718 modo
2034 3656 2125 3717 ad
2172 3675 2300 3718 nos
2345 3657 2526 3732 veni,

454 3768 644 3848 quod
711 3787 961 3829 vereor
1030 3787 1117 3828 ne
1199 3769 1466 3830 tardius
1551 3768 1950 3831 interventu
2010 3767 2354 3831 Varronis
2427 3770 2532 3832 tui

352 3904 408 3943 ao
457 3880 815 3962 nostrique
859 3879 1098 3943 facias

630 3991 1085 4074 Quoniam,
1133 4004 1342 4057 acta
1388 4014 1615 4075 quae
1663 3995 1863 4072 sint,
1909 3996 2218 4072 habes,
2266 3996 2368 4057 de
2414 4016 2530 4057 re-

457 4106 713 4188 liqua
779 4120 1090 4170 nostra
1156 4108 1736 4190 cogitatione
1813 4128 2299 4192 cognosce.
2392 4127 2531 4190 ego

566 4226 777 4275 Ausgew.
806 4227 959 4266 Briefe
987 4228 1174 4267 Ciceros
1201 4239 1246 4268 v,
1277 4229 1542 4281 Gschwind,
1574 4228 1802 4269 Textheft.
2359 4226 2399 4279 3
