3025 4825
329 1752 388 1789 10

331 2317 390 2355 15

335 2892 391 2928 20

339 3456 394 3494 25

1259 407 1334 459 ad
1376 405 1497 459 Att.
1537 406 1585 458 Ι.
1623 405 1706 458 14.
2481 407 2523 469 5

440 615 623 665 marn
669 602 896 665 videri
940 620 1356 683 semperque
1402 600 1624 662 visam
1682 618 1834 661 esse
1894 597 2256 681 respondit
2317 608 2386 660 et
2449 598 2521 660 id

441 702 677 780 multis
721 715 977 778 verbis.

646 814 980 891 Postea
1027 827 1103 890 M
1129 817 1466 889 essalla
1514 825 1828 888 consul
1890 825 1975 886 in
2038 834 2357 887 senatu
2418 825 2522 885 de

439 942 867 1024 Pompeio
931 940 1414 1022 quaesivit,
1480 939 1690 1020 quid
1751 940 1853 1000 de
1913 937 2372 1021 religione
2435 946 2523 999 et

439 1056 484 1116 d
507 1075 546 1117 e
591 1054 1174 1138 promulgata
1220 1053 1711 1137 rogatione
1759 1052 2173 1116 sentiret.
2248 1050 2521 1114 locutus

438 1167 538 1230 ita
601 1179 706 1231 est
767 1169 838 1230 in
898 1176 1167 1240 senatu,
1229 1176 1306 1229 ut
1367 1166 1604 1229 omnia
1662 1165 1847 1227 illius
1894 1165 2157 1228 ordinis
2203 1163 2522 1226 consulta

439 1283 704 1358 γενικῶς
748 1280 1089 1355 laudaret,
1136 1278 1466 1360 mihique,
1516 1289 1592 1341 ut
1624 1278 1904 1354 assedit,
1955 1278 2134 1341 dixit
2166 1297 2241 1340 se
2272 1286 2522 1359 putare

439 1393 611 1455 satis
672 1393 764 1455 ab
827 1413 902 1455 se
964 1393 1174 1456 etiam
1236 1394 1323 1454 de
1384 1392 1535 1455 istis
1595 1392 1806 1454 rebus
1874 1409 2026 1454 esse
2087 1410 2520 1472 responsum.

433 1503 495 1566 ‘C
513 1526 548 1567 r
565 1525 607 1567 a
622 1525 654 1568 s
671 1525 704 1567 s
723 1526 769 1567 u
785 1525 818 1567 s
863 1517 1324 1588 posteaquam
1378 1505 1556 1569 vidit
1601 1505 1795 1567 illum
1843 1504 2209 1586 excepisse
2239 1504 2519 1565 laudem

441 1613 532 1679 ex
577 1637 684 1693 e0,
733 1621 923 1701 quod
967 1620 1130 1682 hinc
1176 1619 1698 1700 suspicarentur
1727 1618 2045 1681 homines
2093 1617 2158 1679 ei
2204 1616 2520 1680 consula-

440 1741 587 1793 tum
633 1751 863 1793 meum
924 1732 1226 1815 placere,
1287 1732 1695 1793 surrexit
1757 1731 2522 1812 ornatissimeque

447 1845 547 1906 de
593 1864 782 1907 meo
831 1846 1313 1908 consulatu
1358 1844 1727 1907 locutus
1774 1852 1927 1919 est,
1992 1843 2091 1906 ita
2137 1853 2213 1906 ut
2260 1843 2523 1906 diceret

438 1976 533 2030 se,
583 1958 774 2039 quod
820 1968 1003 2021 esset
1049 1969 1352 2033 senator,
1403 1959 1590 2038 quod
1623 1957 1815 2033 civiS,
1864 1957 2054 2039 quod
2085 1956 2284 2030 liber,
2333 1956 2523 2038 quod

438 2070 726 2146 viveret,
778 2071 944 2133 mihi
990 2082 1358 2152 acceptum
1404 2069 1704 2142 referre;
1754 2073 2080 2152 quotiens
2127 2069 2522 2152 coniugem,

442 2184 766 2265 quotiens
813 2186 1114 2259 domum,
1180 2184 1505 2265 quotiens
1555 2183 1865 2265 'patriam
1910 2183 2202 2257 videret,
2266 2183 2526 2246 totiens

442 2316 518 2359 se
585 2295 1007 2359 beneficium
1075 2316 1302 2359 meum
1364 2296 1626 2358 videre.
1719 2296 1887 2377 quid
1949 2295 2209 2359 multa?
2301 2306 2524 2358 totum

441 2412 625 2473 hunc
700 2413 951 2485 locum,
1046 2431 1251 2493 quem
1335 2431 1472 2493 ego
1549 2409 1743 2472 varie
1819 2408 1990 2471 meis
2066 2408 2524 2485 orationibuS,

442 2543 736 2605 quarum
784 2534 860 2586 tu
892 2524 1342 2587 Aristarchus
1372 2543 1466 2597 eS,
1514 2524 1708 2586 soleo
1741 2523 2059 2605 pingere,
2105 2525 2192 2585 de
2223 2520 2523 2598 flamma,

442 2637 529 2698 de
574 2634 764 2698 ferro
810 2673 896 2685 -—-
942 2637 1123 2700 nosti
1185 2637 1340 2701 illas
1401 2628 1736 2716 ληκύθους
1777 2673 1883 2710 ——-,
1945 2637 2150 2698 valde
2211 2637 2526 2719 graviter

442 2750 821 2831 pertexuit.
906 2751 1270 2833 proximus
1344 2750 1685 2832 Pompeio
1760 2750 2130 2812 sedebam:
2207 2749 2523 2812 intellexi

440 2863 791 2926 hominem
839 2865 1126 2940 moveri,
1174 2874 1406 2926 utrum
1439 2862 1764 2925 Crassum
1796 2861 1973 2923 inire
2012 2881 2166 2924 earn
2197 2863 2522 2945 gratiam,

443 2996 652 3058 quam
714 2977 865 3057 ipse
927 2976 1532 3058 praetermisisset,
1604 2995 1689 3036 an
1755 2994 1908 3036 esse
1953 2985 2189 3038 tantas
2248 2995 2361 3038 res
2406 2996 2526 3039 no-

443 3102 644 3170 stras,
707 3110 889 3172 quae
947 3100 1091 3153 tam
1153 3090 1401 3153 libenti
1448 3099 1700 3152 senatu
1744 3090 2221 3163 laudarentur,
2286 3088 2375 3149 ab
2439 3109 2524 3152 eo

440 3203 876 3284 praesertim,
926 3203 1045 3285 qui
1086 3203 1252 3265 mihi
1284 3203 1566 3264 laudem
1597 3201 1787 3263 illam
1834 3221 1918 3264 eo
1952 3201 2181 3263 minus
2212 3202 2524 3280 deberet,

445 3318 631 3398 quod
678 3316 848 3378 meis
879 3317 1203 3379 omnibus
1234 3316 1484 3380 litteris
1532 3316 1600 3376 in
1634 3314 2067 3396 Pompeiana
2115 3314 2324 3377 laude
2369 3334 2523 3396 per-

443 3430 724 3492 strictus
787 3439 988 3493 esset.
1080 3430 1195 3491 hic
1257 3430 1407 3491 dies
1467 3448 1578 3490 me
1625 3428 1833 3490 valde
1881 3426 2131 3490 Crasso
2180 3428 2523 3504 adiunxit,

445 3556 511 3604 et
559 3553 794 3605 tamen
856 3544 946 3604 ab
1009 3541 1130 3603 illo
1176 3554 1442 3623 aperte,
1504 3551 1691 3604 tecte
1740 3540 2081 3623 quidquid
2129 3552 2235 3604 est
2283 3542 2525 3610 datum

445 3654 746 3717 libenter
795 3654 1059 3737 accepi.
1109 3674 1273 3737 ego
1322 3664 1612 3717 autern
1659 3654 1873 3735 ipse,
1921 3653 2007 3716 di
2052 3654 2301 3716 boni!
2353 3674 2523 3735 quo

446 3769 690 3831 modo
798 3759 1678 3851 ἒνεπερπερευσάμην
1781 3786 2009 3830 novo
2114 3766 2525 3830 auditori

362 3919 368 3923 -
447 3880 900 3961 Pompeio!
966 3881 1024 3942 si
1070 3901 1378 3962 unquam
1425 3879 1592 3942 mihi
1637 3870 1966 3962 περίοδοι,
2028 3883 2085 3941 si
2132 3872 2406 3959 καμπαί,
2468 3880 2525 3941 si

343 4021 398 4060 30
448 3985 899 4073 ἐνθυμήματα,
945 3994 1002 4056 si
1048 3986 1435 4055 κατασκευαὶ
1477 3993 2124 4075 suppeditaverunt,
2187 3993 2310 4055 illo
2357 4004 2522 4056 tem-

449 4126 641 4187 pore.
737 4106 911 4187 quid
979 4107 1238 4170 multa?
1330 4107 1706 4177 clamores;
1785 4105 2042 4168 etenim
2118 4106 2297 4167 haec
2374 4117 2524 4167 erat
