3025 4825
580 460 667 525 94
1356 458 1432 511 ad
1468 456 1602 510 fam.
1644 455 1755 509 XI.
1791 454 1877 508 18.

580 652 734 721 fuit.
823 655 883 717 is
943 654 1129 717 enim
1172 652 1474 734 denique
1519 652 1743 714 honos
1790 645 1961 711 mihi
2005 647 2232 711 videri
2275 648 2473 723 solet,
2537 648 2657 729 qui

581 787 721 831 non
796 777 1088 849 propter
1158 784 1358 849 spem
1415 764 1637 829 futuri
1709 759 2055 838 beneficii,
2148 762 2272 825 sed
2363 771 2657 844 propter

579 899 839 963 magna
884 879 1134 942 merita
1178 878 1384 942 claris
1427 878 1599 940 viris
1646 877 1963 940 defertur
2008 887 2079 940 et
2127 876 2353 938 datur.

489 1007 523 1059 2
752 991 1008 1073 Quare,
1077 991 1167 1056 sit
1233 993 1442 1055 modo
1513 990 1751 1072 aliqua
1815 1010 1928 1052 res
1994 986 2304 1071 publica,
2374 984 2446 1048 in
2515 1006 2656 1067 qua

574 1106 798 1169 honos
844 1106 1119 1168 elucere
1151 1106 1387 1188 possit,
1436 1103 1779 1180 omnibuS,
1826 1100 1996 1165 mihi
2043 1102 2270 1177 crede,
2319 1098 2654 1182 amplissi·
2737 1121 2770 1160 5

575 1217 704 1280 mis
746 1218 1131 1282 honoribus
1176 1216 1589 1282 abundabis.
1639 1216 1697 1279 is
1744 1228 1999 1292 autem,
2048 1214 2168 1297 qui
2198 1233 2364 1276 vere
2412 1213 2653 1294 appel-

574 1329 706 1393 lari
750 1342 984 1413 potest
1012 1333 1257 1408 honos,
1305 1351 1446 1395 non
1476 1330 2007 1392 invitamentum
2052 1329 2142 1391 ad
2189 1338 2484 1409 tempus,
2531 1326 2657 1388 sed

575 1455 959 1527 perpetuae
1004 1443 1281 1508 virtutis
1327 1454 1432 1507 est
1477 1443 1888 1527 praemium.
1948 1460 2157 1523 quam
2203 1442 2295 1504 ob
2341 1460 2508 1516 rem,
2556 1438 2658 1500 mi

575 1557 856 1636 Plance,
934 1559 1344 1622 incumbe
1416 1567 1612 1621 toto
1678 1566 2051 1638 pectore
2113 1555 2218 1617 ad
2279 1553 2653 1629 laudem,

573 1671 958 1733 subveni
1016 1671 1394 1754 patriae,
1459 1670 1925 1752 opitulare
1987 1668 2430 1749 collegae,
2495 1685 2651 1728 om·
2708 1681 2766 1718 ω

574 1759 809 1846 nium
837 1784 1246 1867 gentium
1291 1801 1825 1847 consensum
1871 1791 1957 1844 et
2004 1779 2648 1843 incredibilem

574 1895 1358 1978 conspirationem
1418 1895 1781 1958 adiuva!
1849 1912 1959 1955 me
2005 1906 2284 1956 tuorum
2329 1890 2651 1955 consilio-

573 2028 727 2071 rum
800 2008 1211 2083 adiutorem,
1291 2006 1657 2090 dignitatis
1732 2006 2100 2082 fautorem,
2177 2004 2500 2068 omnibus
2578 2003 2648 2065 in

573 2125 783 2186 rebus
844 2120 1333 2186 amicissimum
1379 2118 1997 2200 fidelissimumque
2060 2137 2466 2201 cognosces.
2557 2118 2647 2179 ad

573 2257 692 2299 eas
760 2236 944 2299 enim
1011 2256 1276 2313 causaS,
1339 2224 1591 2316 quibus
1656 2233 1837 2296 inter
1895 2253 2023 2296 nos
2084 2252 2322 2295 amore
2388 2250 2649 2307 sumus,
2708 2246 2767 2291 15

570 2346 844 2426 officiis,
891 2357 1241 2413 vetustate
1287 2345 1662 2424 coniuncti,
1709 2344 1982 2428 patriae
2029 2344 2284 2407 caritas
2330 2342 2649 2420 accessit,

573 2483 795 2545 eaque
870 2460 1123 2540 effecit,
1200 2472 1277 2525 ut
1354 2469 1545 2523 tuam
1618 2461 1836 2523 vitam
1911 2456 2334 2521 anteferrem
2431 2476 2651 2520 meae.

572 2598 662 2636 111.
708 2576 779 2637 k.
828 2575 1003 2656 Apr.

569 2783 681 2851 43.
715 2782 842 2863 (Ad
870 2790 1012 2845 fam.
1043 2790 1175 2857 XL,
1211 2789 1336 2860 18.)
1361 2821 1445 2828 —
1477 2789 1600 2844 Ser.
1624 2789 1843 2842 Romae
1875 2789 2080 2845 XIIII.
2114 2789 2231 2846 kal.
2253 2789 2388 2842 Iun.
2422 2805 2477 2844 a.
2510 2807 2566 2844 u,
2600 2804 2655 2842 e.

1457 2900 1574 2953 711
1625 2900 1779 2973 (43).
2685 2865 2691 2872 ’

687 3019 785 3081 Μ.
834 3017 1219 3082 CICERO
1266 3017 1338 3083 S.
1386 3015 1475 3080 D.
1525 3016 1613 3079 D.
1662 3016 2012 3081 BRVTO
2057 3016 2179 3079 IM
2197 3017 2273 3080 P.
2323 3015 2536 3082 COS.

1447 3126 1790 3195 DESIG.

744 3244 893 3307 Etsi
960 3265 1053 3308 ex
1120 3243 1485 3320 mandatis,
1565 3262 1744 3324 quae
1808 3241 2084 3307 Galbae
2128 3242 2648 3327 Volumnioque
2729 3240 2734 3244 ’

487 3363 516 3414 1
572 3358 664 3420 ad
707 3366 1026 3421 senatum
1057 3354 1331 3434 dedisti,
1366 3354 1532 3437 quid
1579 3356 1963 3419 timendum
1992 3365 2297 3438 putareS,
2343 3356 2650 3438 suspica-

570 3471 839 3547 bamur,
916 3480 1148 3533 tamen
1211 3468 1675 3533 timidiora
1738 3469 1990 3530 mand
2019 3478 2165 3531 ata
2229 3468 2646 3531 videban·
2702 3494 2761 3532 20

574 3593 729 3660 tur,
779 3602 1031 3664 quam
1077 3591 1274 3644 erat
1321 3582 1686 3665 dignum
1732 3591 1884 3644 tua
1928 3603 2036 3663 po
2062 3581 2439 3663 pulique
2484 3580 2649 3645 Ro·

572 3695 806 3758 mani
849 3693 1263 3759 victoria.
1354 3704 1638 3758 senatus
1685 3703 1938 3771 autem,
2002 3695 2095 3756 mi
2140 3694 2382 3771 Brute,
2443 3692 2649 3759 fortis

573 3819 679 3872 est
722 3822 793 3872 et
837 3810 1055 3876 habet
1096 3807 1316 3870 fortes
1360 3809 1610 3872 duces:
1658 3807 1896 3889 itaque
1926 3809 2218 3869 moleste
2251 3805 2527 3869 ferebat
2569 3826 2647 3868 se

573 3944 615 3985 a
660 3932 749 3999 te,
798 3941 1003 4004 quem
1035 3920 1363 3997 omnium,
1398 3919 1813 4003 quicumque
1843 3920 2157 3997 fuissent,
2190 3918 2649 3984 fortissimum

572 4035 932 4116 iudicaret,
978 4034 1297 4098 timidum
1343 4044 1556 4115 atque
1603 4034 1942 4117 ignavum
1988 4034 2306 4100 iudicari.
2702 4052 2760 4090 25

502 4158 536 4208 2
746 4147 1038 4225 Etenim,
1086 4165 1242 4210 cum
1304 4155 1371 4208 te
1417 4145 1685 4210 incluso
1744 4166 1942 4229 spem
1987 4147 2364 4209 maximam
2410 4165 2652 4211 omnes
