3025 4825
591 400 678 462 64
1375 398 1448 450 ad
1488 398 1614 451 Att.
1651 398 1792 452 VII.
1832 400 1881 451 3.

592 594 843 668 bano,
903 601 994 653 et‘
1048 592 1179 669 iis,
1245 613 1468 674 quas
1529 601 1854 675 postea
1914 579 2522 673 scripsisti>—-
2582 594 2673 654 ad

592 704 954 786 privata
1001 704 1284 768 venio.
1363 725 1579 767 unum
1642 704 1852 767 etiam
1916 707 2002 767 de
2065 692 2325 769 CaeliO.
2405 715 2673 768 tantum

591 819 813 893 abes't,
883 828 960 880 ut
1019 807 1244 880 meam
1308 817 1423 880 ille
1485 818 1902 881 sententiam
1965 828 2264 900 moveat,
2334 829 2409 881 ut
2468 820 2674 881 valde

592 950 729 1013 ego
772 917 949 1014 fipsi,
1015 934 1201 1012 quod
1264 932 1351 994 de
1412 951 1539 994 sua
1596 931 1946 995 sententia
1994 918 2405 1009 decesserit,
2437 920 2675 1014 paeni-

592 1045 878 1107 tendum
925 1053 1186 1125 putem.
1277 1046 1402 1107 sed
1450 1042 1618 1126 quid
1679 1055 1805 1120 est,
1856 1046 2043 1125 quod
2111 1044 2177 1106 ei
2220 1031 2370 1107 vici*
2418 1045 2671 1108 Luccei
2756 1072 2784 1106 ε»

591 1156 729 1219 sint
757 1156 1064 1219 addicti?
1111 1146 1246 1218 hoc
1279 1166 1349 1218 te
1381 1155 1933 1238 praetermisisse
1965 1156 2197 1219 miror.
2246 1158 2289 1218 d
2309 1176 2347 1218 e
2383 1157 2438 1219 P
2458 1157 2505 1217 h
2525 1156 2585 1217 il
2605 1179 2672 1219 o-

594 1269 803 1332 timo
866 1245 1201 1331 faciam
1263 1255 1714 1350 equidem,
1782 1280 1888 1340 u,t
1931 1289 2258 1335 moneS.
2350 1271 2473 1331 sed
2537 1289 2673 1352 ego

591 1381 758 1444 mihi
804 1384 895 1445 ab
944 1382 1063 1445 illo
1109 1383 1244 1445 hoc
1272 1396 1588 1464 tempore
1637 1402 1777 1445 non
1809 1381 2114 1446 rationes
2147 1384 2672 1463 exspectabam,

591 1516 765 1578 quas
812 1495 942 1558 tibi
990 1495 1231 1572 edidit,
1293 1516 1536 1557 verum
1584 1495 1657 1557 id
1702 1494 2066 1576 reliquum,
2133 1498 2320 1577 quod
2383 1494 2538 1577 ipse
2601 1495 2670 1557 in

590 1610 989 1674 Tusculano
1038 1629 1148 1671 me
1194 1607 1460 1671 referre
1526 1609 1596 1669 in
1644 1608 2216 1671 commentarium
2262 1628 2418 1670 mea
2465 1628 2673 1670 manu
2731 1635 2780 1674 ιο

590 1722 813 1785 voluit
859 1724 1186 1803 quodque
1235 1721 1420 1784 idem
1467 1720 1541 1782 in
1589 1719 1764 1782 Asia
1808 1721 1977 1782 mihi
2024 1740 2153 1782 sua
2198 1740 2409 1782 manu
2456 1720 2676 1801 scrip-

591 1844 736 1897 tum
808 1832 1017 1896 dedit.
1093 1833 1161 1895 id
1230 1832 1291 1895 si
1357 1842 1772 1916 praestaret,
1852 1843 2188 1913 quantum
2258 1831 2426 1895 mihi
2493 1833 2677 1895 aeris

590 1945 803 2009 alieni
869 1966 1023 2008 esse
1087 1946 1214 2008 tibi
1273 1945 1514 2021 edidit,
1580 1956 1846 2007 tanturn
1911 1956 1981 2007 et
2025 1945 2187 2026 plus
2249 1945 2458 2007 etiam
2507 1945 2674 2008 mihi

592 2060 742 2141 ipse
790 2060 1100 2122 deberet.
1179 2060 1303 2120 sed
1360 2059 1431 2120 in
1477 2060 1613 2121 hoc
1659 2076 1943 2140 genere,
1990 2059 2049 2120 si
2101 2060 2307 2122 modo
2356 2079 2483 2140 per
2529 2077 2674 2120 rem

590 2173 945 2254 publicam
1009 2171 1271 2246 licebit,
1334 2191 1475 2234 non
1523 2169 2009 2233 accusabimur
2069 2174 2385 2252 posthac,
2449 2191 2675 2254 neque
2729 2189 2782 2225 ιτ»

589 2286 875 2348 hercule
941 2295 1148 2346 antea
1217 2283 1684 2367 neglegentes
1751 2282 2029 2359 fuimuS,
2100 2285 2226 2345 sed
2296 2273 2675 2347 amicorum

592 2395 1037 2460 multitudine
1085 2395 1428 2478 occupati.
1477 2416 1651 2479 ergo
1699 2405 1994 2472 utemur,
2058 2406 2135 2458 ut
2178 2394 2556 2477 polliceriS,
2606 2410 2676 2460 et

593 2530 811 2592 opera
858 2521 927 2572 et
972 2508 1265 2572 consilio
1314 2519 1435 2571 tuo
1484 2529 1614 2571 nec
1677 2509 1805 2571 tibi
1852 2510 2129 2584 erimUS,
2185 2518 2264 2570 ut
2308 2529 2539 2590 spero,
2604 2512 2674 2571 in

592 2643 675 2686 eo
725 2621 1016 2686 molesti.
1111 2621 1238 2684 De
1284 2623 1908 2703 serperastris
1954 2621 2367 2684 cohortis
2429 2614 2672 2684 meae

592 2734 822 2797 nihil
870 2744 1025 2796 est
1055 2737 1290 2816 quod
1338 2735 1682 2798 doleaS.
1732 2734 1869 2815 ipsi
1915 2735 2098 2795 enim
2130 2753 2207 2795 se
2241 2735 2681 2817 collegerunt
2731 2756 2785 2791 ευ

592 2846 1055 2910 admiratione
1103 2845 1528 2931 integritatis
1559 2866 1774 2910 meae.
1823 2847 1949 2907 sed
1981 2866 2090 2907 me
2122 2856 2441 2908 moverat
2471 2865 2675 2908 nemo

592 2958 820 3041 magis
868 2980 1075 3040 quam
1123 2958 1201 3034 is,
1268 2978 1470 3040 quem
1535 2970 1607 3021 tu
1673 2958 2019 3020 neminem
2083 2968 2314 3039 putas,
2379 2957 2561 3020 idem
2609 2971 2681 3020 et

594 3070 789 3134 initio
837 3070 1072 3133 fuerat
1116 3082 1185 3134 et
1231 3092 1413 3135 nunc
1460 3082 1568 3133 est
1612 3069 1961 3153 egregius
2053 3072 2180 3132 sed
2244 3070 2313 3131 in
2362 3066 2516 3152 ipsa
2563 3071 2677 3133 de·

591 3184 909 3247 cessione
956 3183 1387 3267 significavit
1416 3203 1740 3265 sperasse
1787 3202 1864 3245 se
1896 3182 2183 3264 aliquid,
2232 3193 2302 3244 et
2347 3183 2437 3258 id,
2489 3185 2676 3264 quod

592 3298 897 3360 animum
944 3298 1337 3373 induxerat,
1387 3296 1775 3377 paullisper
1845 3316 1983 3357 non
2047 3297 2286 3371 tenuit,
2349 3297 2473 3359 sed
2535 3297 2675 3359 cito
2729 3321 2784 3356 εἴ»

593 3413 683 3473 ad
751 3431 827 3472 se
894 3409 1103 3472 rediit
1167 3408 1480 3490 meisque
1543 3405 2267 3471 honorificentissimis
2352 3428 2525 3491 erga
2596 3429 2675 3471 se

593 3521 848 3587 officiis
916 3526 1143 3584 victus
1222 3520 1444 3602 pluris
1522 3540 1607 3581 ea
1682 3518 1883 3582 duxit
1958 3539 2165 3599 quam
2228 3539 2503 3582 omnem
2558 3540 2673 3602 pe-

594 3636 888 3698 cuniam.

767 3748 954 3830 Ego
1002 3769 1043 3809 a
1091 3746 1369 3810 Curio
1421 3747 1783 3808 tabulas
1843 3744 2175 3826 accepi,
2241 3765 2460 3825 quas
2520 3764 2674 3807 me-

593 3881 783 3924 cum
886 3872 1173 3943 port0.
1280 3860 1754 3924 Hortensii
1844 3860 2166 3942 legata
2257 3859 2674 3941 cognovi.
2728 3886 2784 3920 :m

595 3995 778 4037 nunc
826 3985 1001 4037 a'veo
1049 3974 1247 4050 scire,
1297 3973 1462 4056 quid
1508 3964 1810 4037 hominis
1855 3972 1946 4035 sit
1992 3982 2062 4034 et
2106 3977 2399 4054 quarum
2443 3992 2676 4034 rerum

593 4087 990 4150 auctionem
1037 4086 1369 4150 instituat.
1421 4088 1657 4150 nescio
1706 4086 1909 4162 enirn,
1972 4107 2114 4162 cur,
2179 4105 2336 4148 cum
2396 4094 2676 4168 portam
2719 4146 2724 4150 .
