3025 4825
270 1630 334 1668 10

270 2195 332 2235 15

274 2765 335 2802 20

280 3329 338 3367 25

281 3888 340 3928 30

1092 400 1167 454 ad
1207 399 1404 464 Quint.
1441 399 1512 454 fr.
1551 400 1631 453 ΙΙ.
1671 400 1754 454 13.
2377 400 2459 465 41

388 594 824 676 potissimum
883 607 1120 657 secum
1180 614 1333 657 esse
1394 594 1716 669 laetarer,
1783 593 2287 656 incredibiliter
2353 613 2464 655 me

389 708 850 771 delectarunt.
897 727 1115 790 quare
1177 706 1413 770 facis
1459 718 1552 771 tu
1614 707 1971 789 quidem
2019 706 2463 781 fraterne,

387 821 619 902 quod
694 819 763 882 m
779 841 818 883 e
891 821 1321 894 hortariS,
1397 821 1522 882 sed
1597 820 1996 882 mehercule
2071 829 2466 883 currentem

388 953 573 997 nunc
619 934 920 1016 quidem,
968 946 1059 997 ut
1105 934 1402 998 omnia
1447 953 1632 995 mea
1678 933 1985 997 studia
2045 933 2133 994 in
2199 933 2465 995 istum

386 1067 643 1109 unum
684 1067 722 1110 c
743 1068 786 1110 o
808 1046 906 1109 nf
916 1068 1172 1110 eram.
1220 1066 1357 1130 ego
1388 1067 1558 1109 vero
1591 1046 1866 1110 ardenti
1899 1046 2181 1130 quidem
2212 1046 2466 1122 studiO,

385 1180 471 1221 ac
501 1158 798 1223 fortasse
829 1157 1151 1236 efficiam,
1201 1161 1390 1241 quod
1419 1179 1635 1242 saepe
1666 1159 2074 1233 viatoribu5‚
2124 1179 2280 1221 cum
2311 1178 2466 1241 pro-

387 1284 659 1353 perant,
707 1273 962 1347 evenit,
1024 1280 1122 1348 ut,
1183 1272 1240 1334 si
1286 1272 1528 1349 serius,
1596 1292 1806 1354 quam
1849 1271 2222 1348 voluerint,
2286 1271 2469 1336 forte

385 1385 839 1462 surrexerint,
901 1385 1353 1467 properando
1415 1385 1628 1447 etiam
1689 1384 1914 1458 citiuS,
1985 1404 2195 1465 quam
2254 1385 2313 1446 si
2381 1385 2470 1446 de

387 1507 593 1560 nocte
655 1498 1090 1580 vigilassent,
1152 1497 1589 1579 perveniant,
1653 1517 1791 1578 quo
1836 1496 2089 1562 velint:
2149 1498 2249 1560 sic
2309 1517 2469 1580 ego,

389 1610 720 1690 quoniam
766 1611 839 1671 in
884 1610 1019 1673 isto
1065 1610 1348 1673 homine
1394 1611 1692 1673 colendo
1740 1625 1887 1672 tam
1931 1610 2302 1672 indormivi
2349 1611 2470 1672 diu

384 1734 456 1785 te
501 1724 899 1786 mehercule
944 1742 1157 1804 saepe
1190 1723 1566 1797 excitante,
1615 1742 1821 1785 cursu
1866 1723 2216 1804 corrigam
2260 1724 2468 1786 tardi-

384 1848 602 1900 tatem
661 1857 819 1900 cum
884 1837 1080 1918 equis
1142 1848 1290 1900 tum
1336 1856 1504 1899 vero
1550 1873 1637 1881 —
1699 1836 2028 1917 quoniam
2087 1848 2165 1899 tu
2223 1836 2472 1899 scribis

386 1969 701 2030 poema
766 1951 869 2012 ab
933 1970 1032 2013 eo
1093 1960 1495 2014 nostrum
1557 1949 1929 2030 probari
1975 1986 2064 1996 —-
2110 1950 2470 2031 quadrigis

384 2063 715 2143 poeticis;
763 2064 971 2126 modo
1019 2062 1186 2124 mihi
1234 2062 1398 2124 date
1429 2061 1890 2135 Britanniam,
1940 2081 2146 2143 quam
2177 2063 2471 2144 pingam

385 2175 738 2237 coloribus
782 2175 942 2253 tuiS,
988 2175 1319 2257 penicillo
1366 2195 1543 2238 meo.
1634 2175 1759 2237 sed
1806 2175 1973 2255 quid
2018 2178 2204 2257 ago?
2284 2175 2471 2256 quod

384 2287 554 2349 mihi
600 2300 896 2370 tempus,
945 2286 1223 2350 Romae
1270 2287 1704 2369 praesertim,
1767 2299 1844 2351 ut
1907 2287 2038 2349 iste
2085 2307 2194 2376 me
2241 2299 2469 2369 rogat,

384 2400 715 2478 manenti,
779 2421 1076 2464 vacuum
1136 2400 1574 2467 ostenditur?
1643 2399 1768 2462 sed
1826 2399 2103 2473 videro;
2171 2398 2469 2464 fortasse

386 2514 592 2590 enim,
653 2525 730 2576 ut
798 2510 897 2588 fit,
943 2514 1182 2575 vincet
1242 2523 1403 2575 tuus
1465 2533 1662 2576 amor
1712 2533 1950 2577 omnes
1998 2511 2470 2578 difficultates.

560 2625 1111 2689 Trebatium·
1168 2628 1400 2706 quod
1469 2626 1577 2688 ad
1644 2646 1734 2688 se
1804 2627 2214 2702 miserim,
2284 2647 2470 2708 per-

385 2740 631 2802 salse
707 2751 793 2802 et
867 2739 1387 2801 humaniter
1477 2739 1747 2800 etiam
1822 2739 2183 2822 gratias
2257 2740 2469 2801 mihi

385 2852 614 2934 agit:
662 2863 878 2935 negat
924 2853 1110 2915 enim
1158 2852 1228 2912 in
1273 2863 1472 2915 tanta
1520 2853 1962 2916 multitudine
2026 2872 2285 2929 eorum,
2352 2853 2469 2934 qui

388 2985 526 3028 una
573 2976 826 3043 essent,
876 2985 1293 3047 quemquam
1340 2963 1576 3040 fuisse,
1626 2966 1743 3046 qui
1789 2965 2266 3027 vadimonium
2311 2986 2471 3029 con-

387 3079 622 3161 cipere
683 3089 942 3160 posset.
1009 3077 1104 3140 M.
1178 3075 1496 3139 Curtio
1565 3078 2128 3140 tribunatum
2195 3080 2299 3141 ab
2370 3098 2469 3143 eo

387 3192 679 3274 petivi
726 3228 812 3239 —--
872 3211 1031 3253 nam
1092 3189 1445 3253 Domitius
1508 3210 1584 3252 se
1646 3191 1950 3253 derideri
2014 3201 2350 3273 putasset,
2411 3192 2469 3253 si

384 3314 569 3368 esset
614 3326 659 3367 a
704 3324 814 3366 me
859 3314 1172 3387 rogatus.
1246 3304 1383 3366 hoc
1430 3303 1613 3365 enim
1662 3314 1765 3367 est
1827 3305 1974 3369 eius
2021 3304 2469 3381 cotidianum,

385 3439 460 3481 se
523 3438 611 3481 ne
671 3418 1029 3482 tribunum
1088 3418 1383 3480 militum
1447 3417 1729 3497 quidem
1792 3415 2064 3489 facere;
2128 3418 2337 3482 etiam
2399 3419 2469 3480 in

385 3543 635 3600 senatu
700 3531 867 3595 lusit
926 3530 1243 3612 Appium
1312 3530 1661 3612 collegam
1729 3543 2108 3612 propterea
2176 3531 2310 3593 isse
2379 3533 2470 3593 ad

387 3642 779 3720 Caesarem,
827 3653 901 3706 ut
933 3643 1236 3724 aliquem
1273 3644 1705 3706 tribunatum
1738 3642 2045 3707 auferret
2076 3681 2181 3721 -——‚
2228 3645 2352 3707 sed
2399 3645 2469 3706 in

389 3758 685 3821 alterum
732 3776 1022 3828 annum3
1070 3757 1141 3818 id
1188 3767 1258 3818 et
1305 3755 1584 3821 Curtius
1631 3756 1729 3818 ita
1766 3756 2073 3821 volebat.
2119 3768 2215 3833 tu,
2263 3776 2469 3839 quem

390 3871 480 3933 ad
526 3871 807 3933 modum
855 3889 964 3930 me
1012 3888 1256 3930 censes
1303 3879 1629 3949 oportere
1677 3887 1827 3930 esse
1890 3879 1974 3932 et
2035 3870 2121 3931 in
2180 3890 2268 3931 re
2331 3890 2465 3952 pu·

392 3982 633 4046 blica
679 3994 763 4046 et
809 3983 893 4044 in
942 3982 1287 4045 nostris
1332 3981 1876 4057 inimicitiis,
1937 3983 2037 4046 ita
2083 3994 2153 4046 et
2200 4003 2352 4046 esse
2399 3990 2471 4044 et

393 4094 543 4158 fore
588 4096 1009 4158 auricula
1056 4092 1375 4156 infima
1420 4093 1656 4156 scito
1704 4095 2220 4158 molliorem.
