3025 4825
643 431 729 493 96
1410 428 1484 480 ad
1524 428 1656 482 fam.
1696 428 1840 482 XII.
1879 429 1960 482 10.

637 642 996 685 suasum
1029 632 1223 685 erat
1266 621 1656 699 civitati,
1705 633 1795 687 ut
1840 623 2091 685 illum
2154 623 2321 687 iam
2369 642 2727 704 oppres-

639 756 825 799 sum
871 754 1169 799 omnes
1217 735 1919 812 arbitrarentur,
1970 746 2052 798 te
2099 746 2390 798 autem
2435 737 2519 797 in
2564 735 2729 798 Ita-

638 850 848 913 liam
916 849 1231 913 venire
1299 868 1486 912 cum
1559 836 1991 925 exercitu,
2082 858 2178 925 ut,
2263 849 2324 910 si
2396 850 2573 911 haec
2636 868 2727 910 ex

637 963 990 1026 sententia
1036 962 1361 1025 confecta
1406 971 1660 1036 essent,
1709 961 2002 1025 consilio
2051 971 2261 1042 atque
2308 961 2727 1025 auctoritate

560 1062 571 1083 ’
640 1085 779 1152 tua,
826 1075 934 1136 sin
982 1074 1149 1156 quid
1194 1073 1377 1137 forte
1426 1075 1823 1151 titubatum,
1881 1084 1958 1136 ut
2017 1072 2096 1136 fit
2155 1073 2225 1135 in
2272 1073 2482 1150 bello,
2530 1092 2721 1135 exer·
2799 1101 2821 1137 5

637 1186 782 1250 citu
846 1197 965 1249 tuo
1014 1188 1412 1249 niteremur.
1504 1205 1713 1268 quem
1774 1186 2056 1267 quidem
2117 1205 2254 1269 ego
2317 1187 2723 1261 exercitum,

639 1300 1191 1381 quibuscumque
1222 1309 1520 1382 potuero
1555 1300 1785 1375 rebuS‚
1835 1299 2139 1368 ornabo:
2188 1297 2383 1360 cuius
2429 1298 2531 1360 rei
2580 1306 2725 1359 tum

640 1421 915 1492 tempus
961 1411 1113 1488 erit,
1163 1431 1341 1487 cum,
1390 1411 1557 1492 quid
1606 1411 1763 1492 opis
1807 1410 1938 1473 rei
1983 1410 2410 1492 publicae
2456 1410 2721 1473 laturus

636 1524 696 1585 is
765 1523 1121 1587 exercitus
1188 1524 1279 1585 sit
1347 1533 1467 1586 aut
1527 1523 1694 1605 quid
1756 1524 1895 1586 iam
1955 1522 2204 1599 tulerit,
2267 1531 2508 1585 notum
2568 1541 2720 1584 esse

637 1637 985 1718 coeperit;
1062 1656 1224 1698 nam
1299 1637 1529 1699 adhuc
1608 1646 1876 1698 tantum
1953 1644 2247 1701 conatus
2321 1637 2714 1712 audiuntur,
2769 1662 2817 1699 10

635 1750 885 1832 optimi
934 1748 1035 1810 illi
1084 1748 1365 1830 quidem
1412 1759 1482 1811 et
1527 1747 2087 1831 praeclarissimi,
2154 1750 2281 1811 sed
2340 1758 2547 1833 gesta
2605 1769 2717 1812 res

635 1872 1109 1943 exspectatur,
1181 1880 1390 1943 quam
1459 1862 1742 1942 quidem
1808 1870 1935 1925 aut
1995 1860 2132 1924 iam
2201 1881 2354 1924 esse
2416 1863 2717 1943 aliquam

635 1984 758 2037 aut
802 1975 1376 2056 appropinquare
1424 1972 1724 2038 confido.

547 2094 583 2145 3
809 2087 992 2151 Tua
1035 2085 1406 2163 virtute,
1462 2088 2094 2169 magnitudine
2158 2088 2426 2150 animi
2491 2087 2715 2149 nihil

635 2210 769 2262 est
815 2198 1242 2269 nobilius.
1339 2200 1575 2281 itaque
1624 2208 1968 2281 optamus,
2031 2211 2108 2263 ut
2154 2220 2363 2282 quam
2420 2202 2718 2283 primum
2767 2228 2814 2265 ιε)

635 2323 703 2373 te
749 2312 822 2373 in
866 2312 1072 2375 Italia
1115 2312 1503 2375 videamus.
1551 2332 1726 2375 rem
1781 2314 2236 2395 publicam
2285 2334 2413 2378 nos
2456 2315 2716 2376 habere

634 2426 1148 2502 arbitrabimur,
1211 2428 1272 2489 si
1316 2448 1446 2490 vos
1504 2426 1938 2489 habebimus.
2031 2430 2395 2509 praeclare
2457 2430 2713 2491 vicera-

632 2558 804 2615 muS,
876 2540 1010 2601 nisi
1076 2541 1474 2622 spoliatum,
1546 2541 1898 2619 inermem,
1962 2540 2351 2624 fugientem
2410 2541 2715 2624 Lepidus

632 2651 1015 2731 recepisset
1058 2652 1466 2716 Antonium.
1563 2653 1798 2734 itaque
1857 2674 2235 2735 numquam
2298 2664 2493 2718 tanto
2555 2654 2711 2717 odio

631 2763 895 2826 civitati
940 2765 1296 2828 Antonius
1341 2765 1494 2842 fuit,
1531 2776 1793 2846 quanto
1842 2776 1949 2828 est
1977 2765 2319 2847 Lepidus;
2368 2766 2487 2829 ille
2535 2766 2713 2829 enim
2760 2788 2807 2824 ευ

632 2897 725 2940 ex
772 2878 1174 2940 turbulenta
1221 2899 1310 2940 re
1357 2879 1752 2959 publica,
1798 2879 1912 2942 hic
1960 2899 2053 2941 ex
2098 2899 2275 2961 pace
2324 2889 2394 2941 et
2423 2878 2713 2944 victoria

630 2991 893 3053 bellum
940 2991 1297 3054 excitavit.
1344 2990 1507 3053 huic
1543 2993 1906 3073 oppositos
1953 2992 2276 3055 consules
2308 2992 2713 3076 designatos

628 3105 988 3182 habemuS‚
1059 3105 1131 3165 in
1200 3104 1457 3185 quibus
1526 3115 1632 3166 est
1694 3124 1954 3187 magna
2022 3106 2144 3167 illa
2191 3106 2474 3187 quidem
2532 3126 2709 3189 spe5‚

630 3218 757 3280 sed
804 3237 1066 3298 anceps
1111 3237 1279 3279 cura
1325 3226 1620 3299 propter
1652 3217 1957 3281 incertos
2003 3219 2236 3281 exitus
2267 3219 2710 3300 proeliorum.

540 3342 577 3393 4
627 3331 1082 3412 persuade
1132 3331 1305 3393 tibi
1352 3330 1646 3413 igitur
1693 3330 1783 3393 in
1831 3342 1913 3393 te
1960 3342 2044 3394 et
2103 3332 2190 3393 in
2235 3332 2518 3396 Bruto
2567 3343 2709 3395 tuo
2757 3355 2804 3393 25
2908 3357 2916 3365 ·

630 3460 828 3503 esse
875 3441 1191 3520 omnia,
1239 3461 1368 3504 vos
1414 3444 1838 3525 exspectari,
1898 3443 2198 3506 Brutum
2247 3444 2531 3525 quidem
2576 3446 2709 3507 iam

629 3554 927 3634 iamque.
1005 3555 1194 3635 quod
1253 3553 1334 3631 si,
1398 3563 1474 3615 ut
1533 3574 1765 3637 spero,
1812 3556 2018 3618 victis
2077 3556 2396 3620 hostibus
2456 3556 2708 3621 nostris

626 3665 981 3742 veneritiS,
1054 3675 1286 3729 tamen
1353 3668 1772 3731 auctoritate
1832 3677 2068 3731 vestra
2134 3689 2277 3731 res
2344 3670 2707 3752 publica

629 3788 969 3860 exsurget
1016 3789 1087 3840 et
1132 3777 1202 3840 in
1248 3780 1487 3861 aliquo
1535 3791 1722 3845 statu
1754 3782 2105 3846 tolerabili
2138 3782 2504 3856 consistet;
2552 3791 2708 3845 sunt

629 3889 814 3952 enim
857 3893 1226 3972 permulta,
1277 3893 1536 3974 quibus
1584 3896 1717 3958 erit
1760 3897 2202 3973 medendum,
2251 3895 2523 3959 etiamsi
2568 3915 2706 3959 res
2748 3916 2797 3953 δυ

628 4004 999 4085 publica
1066 4004 1236 4067 satis
1304 4025 1458 4069 esse
1527 4007 1885 4072 videbitur
1953 4010 2355 4072 sceleribus
2403 4010 2704 4073 hostium

626 4117 944 4180 liberata.
994 4116 1194 4180 Vale.
