3025 4825
584 397 672 462 48
1376 400 1450 451 ad
1488 401 1619 452 fam.
1656 398 1790 452 XV.
1824 398 1877 451 4.

587 591 1056 673 aequitate
1149 602 1234 655 et
1309 592 1885 656 continentia
1973 604 2279 655 tuerer
2366 594 2670 657 socios

585 704 1344 787 provinciamque
1405 705 2174 779 administrarem;
2236 705 2321 769 iis
2382 706 2566 769 enim
2627 726 2670 768 a

586 828 657 880 te
703 818 1008 900 cognitis
1053 818 1453 882 arbitrabar
1498 817 1778 881 facilius
1824 839 1934 881 me
1979 820 2131 894 tibi,
2180 840 2361 901 quae
2392 820 2667 897 vellem,

587 932 1068 1011 probaturum.

766 1042 937 1107 Cum
984 1044 1056 1106 in
1101 1045 1534 1126 provinciam
1580 1065 1683 1126 pr.
1730 1045 2071 1108 kalendas
2115 1045 2422 1109 Sextiles
2451 1048 2669 1109 venis·

588 1176 734 1218 sem
811 1168 881 1220 et
948 1168 1240 1240 propter
1308 1158 1471 1219 anni
1540 1167 1817 1239 tempus
1884 1159 1975 1221 ad
2044 1159 2435 1239 exercitum
2502 1160 2667 1221 mihi

588 1267 955 1333 confestim
1016 1288 1167 1332 esse
1213 1270 1518 1332 eundum
1562 1270 1894 1346 viderem,
1942 1269 2231 1333 biduum
2275 1270 2670 1334 Laodiceae

586 1380 709 1459 fui,
750 1382 1002 1445 deinde
1034 1382 1398 1464 Apameae
1431 1382 1920 1464 quadriduum,
1953 1383 2260 1446 triduum
2290 1383 2665 1465 SynnadiS,

586 1494 878 1557 totidem
960 1495 1109 1557 dies
1184 1495 1603 1558 Philomelii.
1679 1496 1933 1576 quibus
2007 1494 2079 1556 in
2154 1495 2436 1578 oppidis
2510 1511 2668 1559 cum

587 1608 828 1690 magni
919 1619 1305 1671 conventus
1393 1607 1709 1684 fuissent,
1799 1629 1867 1670 m
1885 1628 1931 1669 u
1948 1609 2019 1672 lt
2039 1629 2080 1671 a
2098 1629 2131 1671 s
2221 1609 2297 1670 ci
2314 1609 2397 1670 vi
2414 1620 2442 1672 t
2461 1629 2503 1671 a
2518 1619 2548 1673 t
2571 1628 2609 1671 e
2626 1630 2661 1671 s

586 1720 1212 1784 acerbissimis
1272 1721 1661 1784 tributis
1722 1732 1808 1784 et
1850 1722 2434 1804 gravissimis
2481 1743 2668 1784 usu·

587 1835 712 1897 ris
781 1846 865 1898 et
930 1832 1176 1897 falso
1246 1854 1451 1896 aere
1513 1835 1816 1897 alieno
1878 1834 2299 1897 liberavi.
2370 1856 2667 1918 cumque

587 1958 752 2011 ante
813 1948 1190 2010 adventum
1252 1966 1482 2009 meum
1542 1947 1888 2009 seditione
1950 1948 2255 2027 quadam
2316 1948 2670 2012 exercitus

589 2072 773 2123 esset
819 2060 1217 2141 dissipatuS‚
1281 2060 1588 2142 quinque
1635 2061 1960 2123 cohortes
2006 2060 2152 2122 sine
2196 2061 2459 2142 legato,
2520 2062 2671 2124 sine

587 2174 871 2236 tribuno
918 2173 1234 2248 militum,
1283 2173 1585 2254 denique
1633 2173 1842 2236 etiam
1890 2173 2040 2235 sine
2072 2174 2481 2238 centurione
2526 2175 2670 2237 ullo

589 2287 781 2368 apud
830 2285 1316 2347 Philomelium
1378 2285 1880 2362 consedissent,
1943 2261 2256 2368 reliquus
2319 2288 2672 2349 exercitus

590 2409 774 2462 esset
820 2398 891 2460 in
936 2396 1316 2480 Lycaonia,
1380 2398 1473 2462 M.
1526 2398 1804 2462 Anneio
1865 2398 2107 2482 legato
2171 2398 2535 2480 imperavi,
2597 2412 2673 2464 ut

592 2531 710 2574 eas
757 2511 1064 2594 quinque
1097 2512 1421 2574 cohortes
1466 2512 1558 2574 ad
1589 2512 1934 2594 reliquum
1968 2512 2354 2575 exercitum
2387 2515 2673 2576 duceret

593 2633 1094 2706 coactoque
1142 2624 1229 2684 in
1276 2644 1535 2685 unum
1564 2623 1855 2686 locum
1905 2625 2324 2688 exercitu
2371 2637 2672 2688 castra

593 2738 677 2798 in
740 2736 1201 2819 Lycaonia
1263 2738 1496 2823 apud
1558 2735 1954 2799 Iconium
2016 2736 2389 2802 faceret.
2485 2740 2673 2819 quod

593 2828 747 2912 cum
797 2851 888 2912 ab
935 2851 1056 2912 illo
1089 2851 1465 2932 diligenter
1511 2861 1695 2913 esset
1734 2859 1986 2928 actum,
2035 2870 2171 2932 ego
2216 2851 2287 2912 in
2333 2861 2566 2914 castra
2610 2872 2671 2915 a.

593 2964 660 3024 d.
707 2985 812 3025 v11.
862 2963 1000 3026 kal.
1035 2961 1230 3044 Sept.
1260 2963 1443 3042 veni,
1491 2981 1648 3027 cum
1695 2963 1963 3026 interea
2007 2964 2488 3044 superioribus
2536 2963 2675 3026 die-

592 3077 725 3136 bus
771 3094 864 3136 ex
907 3085 1190 3137 senatus
1237 3075 1558 3137 consulto
1605 3085 1675 3138 et
1722 3086 2172 3138 evocatorum
2218 3073 2489 3138 firmam
2536 3097 2674 3138 ma·

594 3207 759 3249 num
806 3198 875 3250 et
922 3188 1307 3267 equitatum
1352 3207 1522 3249 sane
1567 3188 1895 3250 idoneum
1942 3198 2011 3251 et
2041 3189 2463 3270 populorum
2508 3189 2676 3252 libe-

595 3319 828 3362 rorum
889 3319 1274 3382 regumque
1333 3301 1680 3363 sociorum
1742 3301 2008 3363 auxilia
2052 3301 2451 3364 voluntaria
2497 3322 2675 3364 com-

595 3412 1044 3497 paravissem.

768 3524 1073 3599 Interim,
1123 3545 1278 3588 cum
1327 3526 1646 3588 exercitu
1690 3527 1986 3588 lustrato
2049 3525 2181 3588 iter
2243 3524 2313 3586 in
2362 3523 2676 3587 Ciliciam

597 3635 832 3698 facere
880 3637 1286 3719 coepissem,
1348 3638 1488 3701 kal.
1538 3637 1729 3719 Sept.
1777 3638 1996 3720 legati
2057 3657 2100 3699 a
2144 3656 2317 3720 rege
2365 3635 2675 3699 Comma-

597 3767 784 3830 geno
831 3751 922 3810 ad
968 3769 1078 3811 me
1124 3750 1313 3811 missi
1360 3751 1935 3831 pertumultuose,
1983 3769 2210 3830 neque
2256 3762 2492 3813 tamen
2538 3770 2675 3812 non

599 3880 786 3936 vere,
833 3862 1221 3925 Parthos
1267 3863 1353 3924 in
1399 3863 1752 3945 Syriam
1817 3863 2268 3925 transisse
2330 3863 2675 3927 nuntia-

600 3993 812 4035 veru
831 3984 940 4037 nt.
1033 3996 1171 4057 quo
1238 3976 1478 4039 audito
1548 3976 1998 4038 vehementer
2063 3994 2216 4037 sum
2291 3987 2677 4040 commotus

601 4108 756 4152 cum
818 4090 905 4151 de
964 4089 1174 4171 Syria
1233 4101 1379 4153 tum
1441 4090 1529 4152 de
1590 4109 1744 4151 mea
1805 4089 2190 4171 provincia,
2260 4090 2348 4150 de
2409 4090 2676 4171 reliqua

2720 1632 2777 1669 lu

2721 2189 2782 2227 15

2721 2756 2783 2794 20

2723 3327 2783 3364 25

2722 3888 2779 3926 30
