3025 4825
553 396 638 458 74
1299 397 1375 449 ad
1411 396 1547 451 fam.
1584 398 1794 452 XIIII.
1834 399 1884 450 7.

547 691 657 758 30.
703 698 822 769 (Ad
872 697 1006 752 fam.
1039 699 1263 765 XIIII„
1292 697 1397 769 J.)
1441 728 1529 737 —-
1574 697 1695 754 Scr.
1744 700 1804 752 in
1834 705 2002 769 portu
2037 699 2316 754 Caietano
2362 700 2503 756 VII.
2548 701 2630 755 id.

1182 813 1312 867 Iun.
1361 830 1420 867 a.
1461 830 1519 866 u.
1568 830 1617 867 c.
1672 812 1791 865 705
1839 811 1993 884 (49).

787 959 1196 1025 TVLLIVS
1241 958 1837 1024 TERENTIAE
1882 961 2147 1026 SVAE
2193 962 2264 1026 S.
2312 964 2389 1025 P.

725 1118 971 1182 Omnis
1020 1119 1375 1182 molestias
1422 1129 1492 1180 et
1538 1119 2065 1195 sollicitudines,
2115 1118 2366 1200 quibus
2426 1131 2520 1183 etv
2557 1132 2628 1182 te

547 1231 1006 1293 miserrimam
1053 1231 1291 1308 habui,
1339 1233 1410 1294 id
1457 1234 1647 1314 quod
1694 1232 1862 1294 mihi
1895 1232 2455 1295 molestissimum
2501 1243 2628 1307 est,

547 1354 616 1406 et
663 1344 1060 1419 Tulliolam,
1113 1365 1294 1426 quae
1327 1345 1534 1408 nobis
1565 1356 1803 1408 nostra
1833 1345 1980 1408 vita
2026 1345 2295 1407 dulcior
2341 1356 2465 1422 est,
2514 1347 2629 1408 de-

546 1457 749 1538 posui
799 1467 870 1519 et
914 1459 1110 1521 eieci.
1203 1459 1371 1539 quid
1426 1478 1681 1521 causae
1730 1468 1961 1520 autem
2010 1458 2239 1535 fuerit,
2286 1460 2630 1541 postridie

546 1570 885 1645 intellexi,
936 1591 1141 1653 quam
1190 1591 1233 1632 a
1266 1572 1470 1633 nobis
1501 1571 1805 1633 discessi.
1854 1564 2074 1651 Χολὴν
2105 1564 2385 1655 ἄκρατον
2415 1585 2628 1636 noctu
2712 1597 2739 1634 ε»

545 1684 756 1758 eieci;
821 1684 1059 1746 statim
1105 1684 1205 1746 ita
1251 1704 1401 1746 sum
1447 1685 1741 1759 levatuS,
1803 1695 1880 1747 ut
1942 1685 2110 1747 mihi
2158 1687 2329 1748 deus
2375 1686 2628 1767 aliquis

544 1796 962 1859 medicinam
1046 1796 1298 1860 fecisse
1372 1797 1730 1870 videatur;
1824 1799 1934 1860 cui
1996 1799 2275 1879 quidem
2337 1809 2411 1861 tu
2470 1794 2626 1876 deo,

543 1897 750 1990 'quem
775 1910 865 1971 ad
892 1910 1177 1972 modum
1204 1910 1408 1986 soles,
1433 1912 1552 1991 pie
1583 1921 1654 1973 et
1685 1920 1876 1973 caste
1907 1911 2080 1973 satis
2109 1910 2349 1973 facies,
2375 1930 2626 1973 navem

542 2039 753 2102 spero
801 2041 929 2084 nos
967 2023 1176 2084 valde
1221 2024 1481 2085 bonam
1513 2025 1797 2085 habere.
1844 2023 1916 2084 in
1964 2042 2118 2085 eam
2163 2023 2367 2085 simul
2414 2034 2627 2105 atque

544 2134 940 2210 conscendi,
1001 2136 1177 2197 haec
1225 2126 1493 2217 scripsi.
1565 2137 1818 2198 deinde
1871 2136 2309 2200 conscribam
2370 2138 2462 2198 ad
2508 2157 2626 2199 no·

543 2258 724 2310 stros
769 2246 1157 2311 familiares
1204 2250 1456 2312 multas
1503 2250 1863 2331 epistulaS,
1931 2250 2183 2331 quibus
2228 2260 2300 2312 te
2348 2261 2415 2312 et
2463 2249 2626 2311 Tul·

540 2360 780 2424 liolam
825 2373 1137 2425 nostram
1184 2362 1716 2445 diligentissime
1764 2364 2290 2426 commendabo,
2384 2364 2624 2426 cohor-

540 2487 729 2538 tarer
804 2496 950 2552 VOS,
1026 2492 1163 2557 quo
1234 2456 1466 2560 animo
1545 2476 1873 2540 fortiores
1947 2477 2212 2552 essetis,
2289 2476 2423 2537 nisi
2497 2497 2627 2540 vos

539 2586 868 2651 fortiores
952 2604 1368 2671 cognossem
1454 2609 1663 2671 quam
1732 2609 2149 2671 quemquam
2216 2590 2463 2650 virum.
2554 2601 2625 2652 et

539 2713 775 2763 tamen
823 2703 974 2764 eius
1020 2704 1209 2766 modi
1255 2722 1464 2786 spero
1498 2703 1788 2786 negotia
1833 2723 2008 2779 esse,
2055 2714 2130 2766 ut
2177 2714 2247 2765 et
2293 2723 2421 2766 vos
2467 2704 2624 2765 istic
2710 2736 2736 2761 ο

540 2814 1102 2877 commodissime
1164 2832 1442 2897 sperem
1501 2836 1656 2878 esse
1717 2829 1785 2879 et
1849 2835 1958 2878 me
2017 2816 2397 2897 aliquando
2467 2835 2625 2877 cum

538 2927 880 2989 similibus
943 2928 1165 2991 nostri
1227 2948 1375 2991 rem
1418 2930 1776 3009 publicam
1822 2928 2259 2991 defensuros,
2349 2940 2425 2992 tu
2487 2929 2622 3010 pri·

539 3058 727 3100 mum
773 3040 1251 3102 valetudinem
1295 3052 1490 3104 tuam
1521 3042 1733 3103 velim
1779 3061 2014 3114 cures;
2061 3041 2337 3116 deinde,
2384 3041 2444 3102 si
2490 3041 2623 3103 tibi

539 3151 911 3228 videbitur,
960 3152 1146 3214 villis
1207 3153 1292 3215 iis
1352 3164 1570 3229 utere,
1635 3174 1814 3236 quae
1867 3154 2277 3236 longissime
2322 3156 2625 3217 aberunt

538 3285 581 3326 a
627 3265 984 3327 militibus,
1076 3265 1296 3329 fundo
1344 3267 1676 3348 Arpinati
1734 3268 1916 3328 bene
1979 3267 2244 3348 poteris
2301 3267 2402 3329 uti
2464 3286 2621 3329 cum

537 3377 803 3441 familia
849 3380 1140 3454 urbana,
1189 3379 1254 3440 si·
1297 3398 1577 3442 annona
1620 3380 1848 3441 carior
1893 3378 2122 3442 fuerit.
2187 3378 2431 3443 Cicero
2478 3381 2621 3443 bel-

538 3491 842 3554 lissimus
903 3493 1029 3556 tibi
1076 3494 1376 3556 salutem
1422 3493 1795 3574 plurimam
1841 3493 2028 3555 dicit.
2118 3493 2351 3557 Etiam
2407 3504 2619 3576 atque

541 3604 749 3666 etiam
797 3607 978 3668 vale.
1028 3604 1113 3667 D.
1162 3628 1268 3667 vn.
1320 3606 1476 3667 idus
1521 3604 1676 3667 Iun..

2684 2158 2739 2195 10

2674 3284 2733 3321 20
