3025 4825
538 412 629 475 34
1181 493 1183 495 ³
1361 412 1434 464 ad
1473 411 1607 465 fam.
1648 412 1696 464 1.
1732 412 1783 464 8.

540 626 651 668 me
696 625 740 667 a
781 606 1122 687 ⁴Pompeio
1168 606 1394 689 legari
1450 607 1554 668 ita
1614 626 1766 668 sum
1827 626 2095 688 passus,
2157 616 2234 667 ut
2292 606 2483 667 nulla
2544 626 2620 668 re

540 718 937 800 impedirer,
985 720 1175 801 quin,
1223 719 1280 781 si
1327 720 1605 795 vellem,
1667 720 1829 781 mihi
1875 732 2058 783 esset
2105 720 2479 802 integrum,
2541 729 2619 781 ut

539 840 682 907 aut,
728 830 786 893 si
830 831 1113 894 comitia
1159 851 1523 895 censorum
1568 833 1872 913 proximi
1905 833 2224 895 consules
2253 833 2618 908 haberent,
2658 871 2664 878 -

539 953 781 1024 petere
827 964 1107 1026 possem
1154 958 1275 1009 aut
1322 947 1630 1007 votivam
1692 945 2123 1027 legationem
2169 946 2618 1026 sumpsissem

537 1057 848 1118 omnium
896 1055 1239 1132 fanorum,
1286 1059 1603 1120 lucorum
1648 1096 1734 1103 ——
1779 1058 1878 1120 sic
1940 1058 2124 1120 enim
2170 1068 2452 1121 nostrae
2513 1079 2619 1122 ra-
2701 1080 2727 1116 5

534 1169 766 1231 tiones
809 1171 1265 1251 postulabant
1308 1192 1427 1243 —-;
1488 1172 1613 1233 sed
1657 1171 1849 1233 volui
1909 1191 2133 1233 meam
2196 1181 2620 1252 potestatem

535 1301 690 1344 esse
749 1283 863 1343 vel
930 1284 1218 1365 petendi
1279 1285 1393 1346 vel
1461 1284 1746 1347 ineunte
1814 1294 2085 1346 aestate
2152 1284 2479 1360 exeundi,
2550 1296 2620 1346 et

533 1394 806 1457 interea
853 1415 962 1456 me
1008 1415 1161 1458 esse
1208 1396 1279 1457 in
1326 1397 1546 1460 oculis
1578 1397 1833 1458 civium
1882 1397 1968 1458 de
2016 1416 2125 1459 me
2173 1397 2437 1477 optime
2484 1417 2619 1459 me-

536 1507 829 1570 ritorum
878 1527 1019 1570 non
1064 1508 1369 1570 alienum
1415 1510 1682 1591 putavi.

712 1620 837 1682 Ac
928 1618 1429 1683 forensium
1536 1622 1896 1704 quidem
2000 1642 2297 1684 rerum
2401 1623 2618 1685 haec
2672 1645 2728 1682 10

539 1742 846 1796 nostra
894 1734 1289 1796 consilia
1334 1746 1559 1809 sunt,
1594 1735 2291 1800 domesticarum
2323 1746 2618 1798 autem

536 1846 804 1908 valde
890 1847 1347 1929 impedita.
1428 1850 1675 1911 domus
1742 1847 2173 1925 aedificatur,
2248 1849 2400 1924 sciS,
2477 1868 2618 1931 quo

532 1970 839 2040 sumptu,
904 1979 1045 2041 qua
1107 1961 1444 2023 molestia.
1538 1960 1971 2023 reficitur
2032 1961 2617 2038 Formianum,

533 2072 726 2153 quod
771 2091 908 2155 ego
957 2092 1084 2135 nec
1131 2073 1528 2155 relinquere
1557 2093 1842 2155 possum
1891 2094 2020 2136 nec
2053 2074 2312 2137 videre.
2362 2074 2617 2137 Tuscu-

534 2185 774 2247 lanum
820 2186 1234 2267 proscripsi;
1281 2189 1689 2249 suburbano
1737 2207 1878 2250 non
1922 2186 2132 2249 facile
2179 2207 2403 2250 careo,
2454 2188 2617 2249 ami·
2671 2210 2728 2246 15

532 2318 774 2361 corum
818 2299 1221 2381 benignitas
1267 2301 1614 2362 exhausta
1661 2312 1766 2363 est
1814 2301 1883 2362 in
1930 2320 2015 2362 ea
2060 2320 2156 2375 re,
2217 2320 2399 2383 quae
2447 2300 2618 2362 nihil

533 2412 785 2476 habuit
828 2425 1113 2494 praeter
1159 2414 1465 2476 dedecus
1508 2451 1596 2459 ——
1642 2416 1831 2496 quod
1877 2415 2154 2476 sensisti
2217 2426 2294 2477 tu
2342 2416 2616 2490 absenS,

536 2545 663 2588 nos
709 2534 1116 2606 praesentes
1160 2563 1264 2602 ——‚
1313 2546 1611 2608 quorum
1657 2527 1906 2589 studiis
1954 2547 2091 2609 ego
2140 2537 2208 2589 et
2255 2527 2497 2609 copiiS‚
2559 2528 2617 2589 si

534 2648 722 2701 esset
764 2658 892 2720 per
939 2658 1132 2701 meos
1161 2637 1569 2701 defensores
1615 2639 1902 2716 licitum,
1953 2639 2159 2702 facile
2208 2660 2432 2702 essem
2478 2660 2615 2702 om-

533 2752 651 2813 nia
721 2761 1159 2818 consecutus,
1251 2773 1391 2834 quo
1460 2752 1532 2813 in
1591 2772 1854 2834 genere
1916 2774 2099 2816 nunc
2160 2755 2619 2817 vehementer
2671 2776 2726 2813 20

532 2864 917 2930 laboratur.
1007 2876 1259 2938 cetera,
1324 2884 1505 2945 quae
1568 2885 1679 2927 me
1723 2866 2124 2942 sollicitant,
2170 2858 2619 2949 μυστικώτερα

532 2985 728 3040 sunt:
776 2996 1089 3038 amamur
1151 2998 1192 3038 a
1236 2975 1454 3039 fratre
1516 2989 1588 3040 et
1645 2998 1686 3039 a
1733 2976 1898 3039 filia.
1989 2991 2060 3042 te
2105 2991 2615 3060 exspectamus,

534 3357 642 3425 15.
691 3363 810 3436 (Ad
856 3364 993 3420 fam.
1030 3366 1099 3431 1.‚
1137 3363 1219 3436 8.)
1258 3395 1342 3404 —-
1379 3364 1499 3420 Sor.
1533 3367 1752 3419 Romae
1800 3384 1992 3422 mense
2039 3366 2312 3420 Ianuario
2362 3386 2415 3421 a.
2462 3386 2518 3422 u.
2566 3386 2618 3423 c.

1412 3479 1533 3530 699
1585 3477 1737 3550 (55).

619 3630 715 3692 M.
765 3627 1151 3694 CICERO
1198 3629 1270 3694 S.
1319 3629 1408 3693 D.
1459 3630 1536 3692 P.
1585 3629 2038 3694 LENTVLO
2086 3629 2525 3696 PROCOS.

705 3786 817 3849 De
865 3786 1185 3848 omnibus
1232 3787 1462 3861 rebus,
1511 3806 1694 3868 quae
1740 3788 1831 3849 ad
1892 3797 1963 3849 te
2008 3788 2381 3868 pertinent,
2444 3789 2614 3871 quid

532 3910 785 3975 actum,
838 3899 1008 3981 quid
1056 3899 1510 3962 constitutum
1572 3900 1682 3975 sit,
1733 3900 1901 3981 quid
1949 3901 2327 3982 Pompeius
2387 3919 2615 3964 susce-

530 4012 738 4095 perit,
788 4012 1050 4092 optime
1114 4031 1207 4073 ex
1253 4011 1348 4075 M.
1399 4013 1756 4075 Plaetorio
1819 4033 2224 4095 cognosceS,
2289 4016 2408 4097 qui
2470 4035 2612 4078 non
2665 4030 2719 4069 25

531 4126 759 4187 solum
805 4123 1121 4188 interfuit
1165 4124 1275 4186 his
1322 4126 1553 4202 rebus,
1602 4126 1726 4187 sed
1773 4127 1982 4188 etiam
2027 4126 2337 4208 praefuit
2383 4148 2610 4211 neque
