3025 4825
282 1650 340 1688 10

281 2214 339 2253 15

282 3346 341 3386 25

285 3912 341 3951 30

1194 414 1268 467 ad
1308 413 1432 469 Att.
1468 414 1585 468 III.
1620 414 1704 468 23.
2387 415 2473 479 25

393 606 720 670 utilitatis
766 627 922 669 eam
969 608 1611 691 promulgationem
1673 608 2011 683 attulisse,
2073 608 2467 690 perscribis.

390 719 466 782 in
513 739 672 801 quo,
719 721 777 784 si
823 721 961 782 iam
1008 731 1245 785 nostra
1292 722 1479 784 salus
1527 742 1683 784 cum
1728 722 1862 784 hac
1907 721 2069 804 lege
2101 723 2473 803 desperata

390 833 545 908 erit,
592 833 804 896 velim
848 854 980 916 pro
1025 844 1148 898 tuo
1194 834 1263 896 in
1310 854 1422 896 me
1453 854 1691 898 amore
1721 836 1904 897 hanc
1938 834 2216 896 inanem
2246 854 2471 897 meam

392 945 834 1029 diligentiam
880 947 1348 1010 miserabilem
1393 948 1630 1030 potius
1661 968 1872 1031 quam
1903 948 2214 1029 ineptam
2246 959 2472 1029 putes,

396 1059 507 1121 sin
574 1070 679 1122 est
750 1060 1017 1142 aliquid
1083 1062 1259 1143 spei,
1329 1062 1454 1123 des
1500 1081 1812 1143 operam,
1877 1074 1954 1126 ut
2000 1062 2265 1125 maiore
2324 1062 2473 1123 dili·

391 1173 638 1255 gentia
696 1174 993 1255 posthac
1053 1193 1095 1235 a
1156 1174 1356 1236 novis
1401 1174 1935 1257 magistratibus
1996 1173 2473 1237 defendamur.

394 1306 558 1348 nam
605 1306 688 1348 ea
735 1296 1051 1350 veterum
1097 1287 1540 1351 tribunorum
1584 1286 1815 1369 plebis
1861 1277 2140 1370 rog²atio
2185 1286 2319 1350 tria
2364 1306 2474 1349 ca·

393 1399 546 1481 pita
589 1399 874 1463 habuit:
920 1420 1179 1462 unum
1225 1402 1326 1463 de
1373 1401 1677 1465 reditu
1724 1420 1930 1476 meo,
1977 1400 2314 1481 scriptum
2376 1400 2474 1462 in·

389 1523 595 1576 caute
612 1534 627 1586 ;
698 1512 870 1575 nihil
939 1514 1124 1576 enim
1189 1514 1579 1579 restituitur
1645 1525 1927 1596 praeter
1987 1512 2342 1577 civitatem
2404 1525 2473 1577 et

390 1625 726 1700 ordinem,
792 1627 984 1708 quod
1044 1627 1213 1688 mihi
1271 1647 1402 1709 pro
1462 1648 1620 1691 meo
1681 1647 1848 1690 casu
1908 1626 2077 1690 satis
2137 1638 2261 1701 est,
2326 1627 2471 1702 sed,

389 1757 572 1820 quae
632 1740 950 1800 cavenda
1008 1738 1268 1804 fuerint
1331 1753 1399 1804 et
1460 1760 1601 1823 quo
1647 1740 1878 1815 mod0‚
1946 1751 2019 1802 te
2079 1759 2220 1803 non
2266 1738 2472 1823 fugit.

389 1850 772 1913 alterum
831 1863 1098 1933 caput
1160 1862 1294 1915 est
1353 1854 1917 1917 tralaticium
1963 1854 2064 1936 dfi
2111 1852 2470 1934 impuni-

389 1974 602 2039 tate,
665 1985 736 2024 SI
795 1987 988 2032 Qvu)
1038 1986 1365 2027 CONTRA
1410 1987 1657 2027 AnxAs
1705 1986 1958 2027 LEGES
2007 1986 2187 2028 mvs
2232 1985 2471 2026 LEGIS

390 2097 605 2137 ERGO
674 2099 997 2141 Mo'rvn
1063 2100 1135 2141 st
1157 2103 1216 2140 T.
1304 2080 1669 2143 tertium
1744 2091 2035 2161 caput,
2107 2079 2201 2141 mi
2272 2079 2471 2140 Porn-

389 2190 580 2272 poni,
688 2210 827 2272 quo
931 2192 1224 2255 consilio
1327 2204 1401 2271 et
1487 2213 1531 2254 a
1622 2213 1763 2275 quo
1869 2193 1960 2255 sit
2047 2192 2469 2255 inculcatum

389 2303 572 2365 vide.
633 2304 770 2365 scis
843 2305 1027 2366 enim
1096 2304 1416 2367 Clodium
1476 2305 1815 2380 sanxisse,
1885 2316 1960 2369 ut
2014 2304 2138 2367 vix
2208 2317 2328 2368 aut
2355 2351 2358 2354 Α
2394 2315 2470 2368 ut

389 2418 670 2481 omnino
718 2438 860 2481 non
904 2431 1143 2500 posset
1189 2439 1318 2481 nec
1363 2439 1492 2503 per
1538 2430 1856 2483 senatum
1904 2439 2032 2482 nec
2079 2439 2206 2500 per
2250 2439 2469 2501 popu·

390 2532 533 2593 lum
578 2529 915 2594 infirmari
961 2552 1088 2595 sua
1133 2533 1272 2594 lex.
1334 2534 1459 2594 sed
1503 2532 1703 2595 vides
1750 2553 2105 2615 nunquam
2151 2552 2303 2594 esse
2350 2533 2470 2595 ob-

388 2654 703 2708 servatas
726 2646 1125 2709 sanctiones
1151 2666 1390 2708 earum
1413 2646 1674 2729 legum,
1708 2667 1889 2729 quae
1919 2649 2468 2730 abrogarentur;

392 2778 572 2833 narn,
647 2759 706 2822 si
781 2760 854 2822 id
929 2771 1132 2836 esset,
1210 2761 1402 2822 nulla
1477 2758 1628 2823 fere
1704 2762 2033 2843 abrogari
2101 2772 2340 2842 posset
2385 2793 2471 2807 ν-

391 2891 620 2954 neque
666 2873 851 2934 enim
897 2873 1040 2934 ulla
1086 2886 1210 2949 est,
1259 2894 1441 2956 quae
1487 2894 1630 2936 non
1676 2874 1829 2955 ipsa
1866 2893 1942 2936 se
1985 2874 2259 2954 saepiat
2293 2873 2472 2936 diffi-

392 2986 649 3049 cultate
681 2987 1165 3069 abrogationis
1195 3023 1300 3048 —-.
1338 2988 1483 3063 sed,
1519 3007 1675 3049 cum
1705 2988 1824 3049 lex
1855 2988 2263 3069 abrogatur,
2296 2988 2470 3049 illud

382 3099 616 3180 ‘ipsum
664 3100 1070 3182 abrogatur,
1134 3120 1274 3182 quo
1337 3120 1477 3162 non
1525 3119 1680 3162 eam
1740 3100 2075 3182 abrogari
2122 3109 2464 3182 oporteat.

390 3213 525 3275 hoc
572 3213 761 3293 quod
808 3232 884 3274 re
930 3232 1099 3274 vera
1146 3188 1255 3275 ita*
1291 3225 1416 3289 est,
1465 3233 1623 3275 cum
1667 3233 1945 3294 semper
2004 3214 2103 3277 ita
2147 3213 2469 3275 habitum

390 3326 978 3407 observatumque
1025 3326 1134 3401 sit,
1183 3336 1343 3388 octo
1391 3327 1610 3390 nostri
1671 3328 1933 3390 tribuni
1981 3326 2209 3407 plebis
2256 3336 2469 3407 caput

388 3450 773 3520 posuerunt
858 3439 1026 3500 hoc:
1133 3460 1204 3498 SI
1291 3460 1487 3507 QVID
1580 3461 1659 3499 IN
1747 3460 1902 3499 HAG
1991 3460 2467 3499 ROGATIONE

391 3572 996 3625 SCRIPTVM·EST,
1041 3572 1252 3619 QVOD
1299 3571 1442 3611 PER
1487 3573 1740 3613 LEGES
1785 3572 2178 3614 PLEBISVE
2210 3573 2466 3627 SCITA,

387 3666 523 3728 hoc
584 3677 689 3728 est
755 3667 942 3747 quod
1002 3685 1132 3747 per
1196 3665 1430 3747 legem
1499 3665 1835 3738 Clodiam,
1903 3686 1936 3725 P
1952 3687 1992 3725 R
2007 3686 2046 3725 o
2063 3687 2109 3725 M
2127 3690 2167 3728 v
2183 3689 2221 3726 L
2238 3687 2279 3726 G
2296 3688 2337 3727 A
2353 3690 2394 3727 R
2411 3689 2468 3736 n,

392 3798 842 3849 ABROGARE,
902 3799 1359 3851 DEROGARE,
1407 3799 1840 3839 OBROGARE
1901 3800 2082 3840 SINE
2143 3801 2466 3842 FRAVDE

393 3913 537 3954 SVA
583 3913 733 3952 Nou
778 3912 1096 3967 LIGEAT,
1144 3913 1296 3951 NON
1341 3892 1755 3965 LICVERI'P,
1814 3913 2136 3959 Qvoovn
2189 3915 2285 3968 m,
2332 3916 2466 3962 QVI

389 4026 996 4079 PROMVLGAVIT,
1032 4026 1523 4080 ABROGAVIT,
1569 4025 2070 4080 DEROGAVIT,
2118 4027 2465 4067 OBROGA·

396 4141 548 4195 VIT,
611 4140 703 4179 OB
763 4140 920 4178 EAM
980 4139 1137 4177 REM
1196 4139 1505 4178 POENAE
1566 4140 1777 4180 MVLT
1801 4141 2014 4181 AEVE
2075 4140 2223 4194 SIT,
2285 4141 2342 4179 E.
2403 4142 2464 4179 H.
