3025 4825
509 369 597 432 88
1293 372 1367 424 ad
1402 370 1538 426 fam.
1577 374 1727 427 1111.
1766 375 1817 426 6.

510 561 813 626 cietas
858 583 1145 644 paene
1192 566 1849 649 aegritudinis,
1895 568 2048 631 sed
2092 568 2362 631 etiam
2409 589 2598 632 auc-

509 676 846 738 toritas
915 679 1480 752 consolatur;
1542 691 1750 761 turpe
1808 680 1993 742 enim
2054 700 2205 743 esse
2268 681 2595 745 existimo

505 808 616 850 me
664 809 805 851 non
852 788 948 851 ita
991 788 1176 867 ferre
1225 811 1466 854 casum
1512 811 1767 868 meum,
1831 803 1908 856 ut
1957 803 2033 855 tu
2080 793 2204 855 tali
2246 794 2596 876 sapientia

502 902 863 983 praeditus
908 901 1278 978 ferendum
1322 915 1553 986 putaS.
1645 906 1770 967 sed
1833 905 2195 987 opprimor
2241 897 2626 970 interdum'

504 1025 574 1077 et
608 1014 734 1077 vix
778 1015 1028 1080 resisto
1076 1017 1323 1091 dolori,
1385 1018 1574 1099 quod
1635 1037 1720 1080 ea
1764 1037 1876 1081 me
1922 1019 2189 1082 solacia
2236 1018 2592 1096 deficiunt,
2677 1043 2705 1080 5

504 1148 685 1210 quae
734 1130 1004 1206 ceteriS,
1054 1150 1349 1212 quorum
1396 1130 1565 1193 mihi
1611 1132 1945 1214 exempla
1994 1153 2338 1214 propono,
2387 1133 2595 1195 simili

505 1242 576 1304 in
620 1241 903 1306 fortuna
948 1263 1088 1306 non
1135 1242 1528 1307 defuerunt.
1576 1264 1738 1307 nam
1782 1253 1853 1306 et
1896 1244 1981 1326 Q.
2030 1246 2405 1325 MaximuS,
2455 1247 2592 1329 qui,

503 1350 725 1416 filium
785 1357 1243 1432 consularem,
1307 1357 1575 1418 clarum
1620 1355 1847 1419 virum
1911 1368 1982 1420 et
2027 1358 2313 1440 magnis
2377 1361 2597 1421 rebus

503 1466 745 1548 gestiS,
793 1466 1042 1543 amisit,
1090 1477 1161 1530 et
1204 1467 1280 1529 L.
1307 1468 1616 1546 Paullus»,
1666 1469 1785 1550 qui
1832 1470 1970 1532 duo
2002 1478 2277 1552 septem
2319 1470 2575 1533 diebus

503 1588 573 1641 et
617 1590 852 1642 vester
913 1578 1137 1642 Galus
1206 1590 1277 1642 et
1336 1580 1434 1641 M.
1482 1579 1659 1645 Cato
1686 1632 1701 1657 ,
1752 1581 1870 1663 qui
1941 1601 2216 1646 summo
2288 1581 2576 1666 ingenio
2648 1612 2705 1649 10

456 1711 772 1766 ,summa
835 1692 1086 1755 virtute
1149 1691 1370 1755 filium
1416 1694 1747 1776 perdidit,
1814 1695 1899 1757 iis
1960 1695 2396 1778 temporibus
2455 1695 2593 1758 fue-

503 1815 685 1882 runt,
749 1815 827 1868 ut
871 1826 1111 1870 eorum
1155 1807 1421 1869 luctum
1482 1807 1797 1889 ipsorum
1843 1808 2159 1892 dignitas
2205 1811 2596 1874 consolare-

501 1930 616 1982 tur
661 1939 765 1997 ea,
815 1939 1027 2001 quam
1088 1940 1179 1982 ex
1239 1941 1316 1983 re
1377 1921 1667 2002 publica
1711 1924 2361 2006 consequebantur;
2430 1924 2598 1986 mihi

499 2042 729 2094 autem
797 2033 1071 2095 amissis
1141 2034 1572 2098 ornamentis
1643 2034 1745 2110 iis,
1821 2056 1999 2117 quae
2069 2036 2221 2119 ipse
2291 2057 2588 2101 comme·

500 2164 734 2208 moras
803 2164 1124 2226 quaeque
1193 2156 1386 2207 eram
1448 2146 1774 2208 maximis
1835 2147 2203 2211 laboribus
2266 2150 2586 2230 adeptuS,
2642 2171 2702 2209 15

500 2276 716 2320 unum
775 2257 1113 2319 manebat
1173 2257 1346 2319 illud
1406 2258 1770 2335 solacium,
1833 2261 2021 2340 quod
2083 2269 2404 2342 ereptum
2463 2271 2587 2321 est.

501 2391 642 2434 non
704 2371 1086 2434 amicorum
1147 2370 1473 2454 negotiis,
1540 2393 1681 2436 non
1741 2372 1843 2436 rei
1888 2372 2215 2455 publicae
2261 2394 2587 2457 procura·

502 2485 689 2548 tione
737 2483 1298 2566 impediebantur
1327 2484 1798 2567 cogitationes
1829 2505 2046 2564 meae,
2095 2486 2268 2549 nihil
2316 2487 2385 2551 in
2433 2487 2586 2551 foro

502 2617 718 2679 agere
764 2597 1054 2673 libebat,
1102 2598 1422 2679 aspicere
1469 2597 1735 2660 curiam
1777 2619 1917 2661 non
1951 2609 2299 2681 poteram,
2349 2600 2587 2663 existi-

406 2736 413 2743 2
502 2711 798 2787 mabam,
848 2710 917 2771 id
965 2712 1151 2791 quod
1199 2720 1366 2787 erat,
1415 2711 1641 2774 omnis
1686 2730 1796 2773 me
1843 2722 1914 2774 et
1959 2711 2342 2775 industriae
2389 2732 2587 2776 meae
2639 2739 2699 2777 20

499 2821 768 2885 fructus
813 2833 883 2885 et
925 2822 1251 2886 fortunae
1297 2824 1708 2905 perdidisse.
1798 2826 1925 2887 sed
1992 2845 2149 2887 cum
2195 2826 2585 2909 cogitarem

500 2936 679 2997 haec
724 2935 891 2997 mihi
936 2945 1167 2998 tecum
1214 2946 1284 2998 et
1327 2957 1485 2999 cum
1519 2937 1936 3018 quibusdam
1983 2957 2142 3000 esse
2190 2937 2587 3002 communia

504 3058 574 3111 et
640 3067 798 3110 cum
864 3047 1267 3131 frangerem
1338 3049 1474 3111 iam
1543 3049 1696 3132 ipse
1758 3071 1869 3113 me
1929 3070 2398 3133 cogeremque
2466 3051 2587 3113 illa

503 3160 688 3224 ferre
757 3163 1154 3240 toleranter,
1221 3164 1679 3240 habebam,
1745 3184 1911 3245 quo
1974 3163 2582 3247 confugerem,

505 3275 660 3337 ubi
719 3275 1484 3357 conquiescerem,
1555 3276 1816 3339 cuius
1876 3278 1962 3339 in
2022 3297 2440 3341 sermone
2503 3287 2586 3341 et
2634 3299 2692 3336 25

505 3389 967 3452 suavitate
1051 3389 1334 3451 omnis
1393 3409 1657 3453 curas
1718 3391 2268 3473 doloresque
2327 3393 2581 3474 depo·

506 3521 819 3564 nerem.
909 3522 1092 3565 nunc
1139 3512 1374 3565 autem
1417 3504 1555 3566 hoc
1600 3514 1745 3566 tam
1788 3504 1993 3587 gravi
2037 3506 2326 3567 vulnere
2374 3505 2583 3567 etiam

505 3613 643 3691 illa,
694 3635 872 3696 quae
904 3615 1354 3678 consanuisse
1385 3616 1828 3693 videbantur,
1861 3619 2394 3691 recrudescunt;
2442 3638 2582 3682 non

506 3727 709 3804 enim,
756 3739 834 3791 ut
878 3737 1023 3790 tum
1071 3748 1180 3790 me
1225 3750 1269 3791 a
1311 3749 1386 3791 re
1433 3730 1721 3810 publica
1781 3740 2120 3794 maestum
2169 3733 2416 3795 domus
2462 3751 2578 3794 ex-

506 3841 831 3923 cipiebat,
881 3861 1059 3922 quae
1105 3841 1394 3919 levaret,
1454 3843 1556 3905 sic
1603 3863 1786 3906 nunc
1833 3845 2042 3908 domo
2108 3864 2428 3907 maerens
2489 3846 2579 3907 ad
2629 3864 2687 3902 τεο

505 3975 649 4016 rem
695 3953 1050 4035 publicam
1097 3954 1481 4038 confugere
1528 3976 1834 4036 possum,
1895 3968 1972 4021 ut
2034 3956 2102 4020 in
2164 3958 2314 4020 eius
2372 3958 2579 4021 bonis

505 4066 964 4149 acquiescam.
1054 4066 1289 4150 itaque
1355 4079 1424 4131 et
1468 4070 1677 4132 domo
1725 4071 1973 4132 absum
2034 4081 2104 4133 et
2147 4070 2323 4148 foro,
2390 4072 2577 4153 quod
