3025 4825
534 404 622 468 54
1319 404 1394 457 ad
1430 403 1566 456 fam.
1604 403 1738 458 XV.
1773 404 1824 456 4.

531 596 797 660 tissima
857 607 1140 659 senatus
1201 599 1585 680 populique
1645 597 1956 661 Romani
2024 598 2112 659 de
2179 617 2289 659 me
2357 596 2617 659 iudicia

531 710 999 783 intercedere;
1047 710 1283 791 itaque
1330 720 1401 772 et
1438 730 1668 794 augur
1697 721 1947 793 postea
1977 708 2130 772 fieri
2163 710 2375 786 volui,
2425 712 2617 792 quod

530 833 742 886 antea
788 822 1264 905 neglexeram,
1327 835 1396 886 et
1458 842 1615 885 eum
1660 824 2019 900 honorem,
2081 821 2201 905 qui
2262 843 2305 884 a
2365 836 2616 887 senatu

530 935 743 1000 tribui
806 937 1017 998 rebus
1076 935 1346 998 bellicis
1408 937 1607 1014 solet,
1670 936 2070 1020 neglectum
2135 956 2178 997 a
2246 955 2358 998 me
2427 936 2613 1006 olim,

532 1068 715 1112 nunc
763 1048 931 1111 mihi
979 1051 1454 1130 expetendum
1501 1061 1695 1132 puto·
2694 1070 2723 1112 ε»

427 1171 495 1223 14
706 1160 937 1224 Huic
985 1180 1226 1223 meae
1271 1162 1766 1238 voluntati,
1829 1162 1915 1224 in
1961 1182 2127 1244 qua
2172 1161 2416 1224 inest
2461 1162 2613 1223 ali-

533 1295 700 1356 qua
776 1276 912 1339 vis
1005 1275 1203 1337 desi
1230 1276 1465 1338 derii
1543 1278 1648 1338 ad
1723 1277 2216 1340 sanandum
2292 1276 2617 1337 vulnus

531 1389 617 1449 in
635 1389 657 1449 i
676 1410 722 1450 u
736 1409 771 1450 r
787 1389 809 1449 i
827 1409 869 1451 a
889 1409 948 1465 e,
991 1411 1038 1451 u
1054 1401 1082 1452 t
1128 1387 1165 1450 f
1174 1410 1217 1451 a
1233 1409 1278 1450 v
1296 1409 1334 1451 e
1350 1410 1393 1451 a
1412 1411 1447 1452 s
1490 1365 1911 1471 adiutorque
1963 1388 2078 1465 siS,
2142 1391 2331 1471 quod
2378 1389 2617 1470 paullo

531 1510 694 1564 ante
778 1520 890 1564 me
959 1521 1297 1586 negaram
1364 1514 1797 1586 rogaturum,
1874 1522 1921 1563 v
1938 1521 1977 1564 e
1995 1502 2040 1562 h
2058 1520 2097 1563 e
2115 1522 2184 1563 m
2202 1522 2241 1563 e
2259 1522 2302 1563 n
2321 1511 2350 1563 t
2370 1521 2408 1563 e
2423 1522 2458 1563 r
2530 1513 2558 1564 t
2577 1522 2617 1563 e

529 1634 624 1676 ro
640 1634 786 1697 go;
855 1616 980 1677 sed
1048 1616 1167 1692 ita,
1237 1617 1294 1678 si
1364 1635 1506 1677 non
1566 1616 1873 1678 ieiunum
1932 1616 2067 1677 hoc
2129 1616 2367 1679 nescio
2428 1617 2615 1697 quid,
2668 1637 2722 1674 ιο

531 1729 719 1808 quod
788 1747 925 1812 ego
992 1729 1205 1813 gessi,
1276 1740 1346 1792 et
1407 1731 1996 1792 contemnendum
2054 1728 2429 1803 videbitur,
2491 1730 2618 1790 sed

529 1841 670 1903 tale
746 1851 960 1923 atque
1027 1853 1319 1918 tantum,
1404 1853 1480 1904 ut
1550 1842 1747 1904 multi
1817 1860 2258 1923 nequaquam
2325 1842 2617 1923 paribus

527 1955 740 2016 rebus
768 1955 1070 2019 honores
1116 1975 1420 2018 summos
1465 1976 1508 2017 a
1555 1963 1806 2017 senatu
1837 1954 2191 2018 consecuti
2223 1954 2380 2018 sint.
2428 1955 2619 2036 equi-

529 2068 686 2128 dem
734 2067 947 2130 etiam
992 2068 1166 2131 illud
1198 2068 1363 2130 mihi
1395 2069 1703 2131 animum
1736 2068 2254 2130 advertisse
2299 2067 2619 2130 videor

529 2217 615 2225 -
659 2181 794 2243 scis
841 2181 1047 2257 enim,
1099 2201 1310 2262 quam
1356 2191 1628 2244 attente
1675 2192 1746 2244 te
1792 2182 2036 2244 audire
2082 2182 2346 2245 soleam
2379 2218 2484 2257 ——,
2530 2192 2616 2243 te
2669 2203 2719 2241 ιε)

530 2312 701 2356 non
768 2304 940 2357 tam
1008 2314 1151 2356 res
1213 2306 1533 2377 gestas
1593 2315 1851 2377 quam
1914 2313 2203 2358 mores
2263 2295 2617 2357 institu-

529 2420 888 2490 tamque
950 2408 1224 2472 vitam
1284 2410 1933 2492 imperatorum
2001 2420 2427 2491 spectare
2495 2430 2615 2472 so-

527 2521 716 2582 lere
764 2521 836 2582 in
879 2522 1224 2585 habendis
1272 2534 1392 2586 aut
1425 2543 1569 2587 non
1597 2523 1942 2585 habendis
1976 2522 2381 2585 honoribus·
2428 2523 2617 2603 quod

526 2634 584 2694 si
645 2633 717 2695 in
776 2654 931 2697 mea
977 2655 1187 2698 causa
1234 2636 1731 2710 considerabiS,
1779 2636 2088 2717 reperies
2147 2655 2259 2697 me
2304 2636 2619 2698 exercitu

528 2746 878 2810 imbecillo
939 2759 1184 2812 contra
1244 2759 1503 2811 metum
1568 2749 1854 2812 maximi
1922 2749 2091 2811 belli
2154 2747 2618 2811 firmissimum
2668 2773 2717 2808 20

529 2860 955 2941 praesidium
1038 2862 1369 2924 habuisse
1444 2863 1874 2944 aequitatem
1950 2873 2018 2924 et
2094 2861 2615 2925 continentiam.

527 2973 636 3035 his
697 2993 834 3057 ego
896 2975 1226 3037 subsidiis
1286 2994 1371 3037 ea
1431 2995 1585 3037 sum
1647 2985 2088 3058 consecutuS,
2158 2993 2341 3057 quae
2403 2974 2614 3037 nullis

530 3086 929 3169 legionibus
990 3088 1328 3170 consequi
1396 3088 1802 3169 potuissem,
1872 3097 1950 3149 ut
2019 3107 2111 3149 ex
2177 3086 2618 3149 alienissimis

527 3199 736 3262 sociis
784 3199 1263 3275 amicissimos,
1311 3219 1403 3262 ex
1449 3196 1945 3262 infidelissimis
1991 3198 2423 3262 firmissimos
2466 3200 2615 3261 red-

526 3315 765 3374 derem
815 3313 1223 3393 animosque
1270 3332 1610 3376 novarum
1642 3331 1873 3374 rerum
1905 3313 2434 3394 exspectatione
2480 3332 2618 3374 sus·
2670 3336 2722 3372 25

528 3445 786 3506 pensos
826 3426 916 3487 ad
955 3427 1217 3489 veteris
1257 3426 1532 3507 imperii
1556 3426 2123 3488 benevolentiam
2155 3428 2617 3490 traducerem.

425 3554 491 3606 15
528 3540 681 3600 sed
750 3538 1009 3600 nimis
1076 3540 1293 3602 haec
1364 3540 1640 3602 multa
1709 3541 1811 3601 de
1872 3560 2016 3614 me,
2079 3540 2617 3621 praesertim

530 3651 637 3711 ad
706 3663 810 3727 te,
881 3672 923 3713 a
993 3673 1164 3734 quo
1235 3673 1402 3715 uno
1472 3653 1854 3715 omnium
1915 3653 2362 3715 sociorum
2426 3672 2615 3734 que-

530 3763 779 3825 relae
854 3765 1387 3838 audiuntur;
1463 3785 1849 3848 cognosces
1918 3785 2010 3827 ex
2077 3766 2181 3842 iis,
2260 3765 2379 3847 qui
2447 3765 2617 3826 meis

532 3875 866 3939 institutis
927 3898 1003 3942 se
1048 3889 1404 3941 recreatos
1449 3887 1719 3960 putant.
1814 3898 2111 3961 cumque
2173 3897 2417 3941 omnes
2477 3897 2616 3939 uno
2665 3901 2722 3939 τω

532 4009 757 4071 prope
788 4010 1130 4053 consensu
1177 3994 1265 4054 de
1313 4011 1421 4053 me
1468 3993 1659 4073 apud
1705 4002 1777 4054 te
1824 4011 1926 4063 ea,
1971 4008 2158 4073 ⁴quae
2204 3991 2372 4053 mihi
2421 4000 2614 4073 opta·

529 4102 795 4165 tissima
843 4116 1024 4181 sunt,
1072 4104 1604 4186 praedicabunt,
1650 4115 1796 4166 tum
1846 4106 2025 4166 duae
2057 4104 2362 4165 maxime
2410 4104 2613 4165 clien-
