3025 4825
637 374 723 437 32
1420 372 1494 425 ad
1534 371 1657 425 Att.
1695 373 1843 426 1111.
1880 372 1928 427 2.

631 587 981 627 NOMINATIM
1038 588 1102 626 EI
1159 588 1264 627 REI
1323 587 1720 628 PRAEFECTVS
1766 587 1953 628 ESSET
2012 588 2215 634 NEQVE
2259 587 2475 629 POPVLI
2533 586 2708 628 IVSSV

633 701 755 743 AVT
843 701 1054 742 PLEBIS
1146 701 1326 743 SCITV
1416 703 1483 741 ID
1573 700 1817 740 FACERE
1906 700 2114 741 IVSSVS
2189 701 2400 754 ESSET,
2492 702 2708 742 VIDERI

629 813 811 854 POSSE
873 814 1009 855 SINE
1053 814 1390 855 RELIGIONE
1448 814 1579 853 EAM
1624 813 1872 852 PARTEM
1918 813 2125 853 AREAE
2167 814 2234 857 M.
2282 814 2342 856 T.
2389 812 2708 867 RESTITVI,

629 906 798 968 mihi
872 906 1063 969 facta
1137 906 1372 970 statim
1448 916 1554 968 est
1629 905 2013 987 gratulatio
2089 941 2177 950 —
2249 924 2457 978 nemo,
2524 906 2707 967 enim

629 1021 1019 1096 dubitabat,
1091 1020 1259 1102 quin
1328 1021 1575 1082 domus
1641 1018 1845 1081 nobis
1906 1029 2089 1082 esset
2149 1017 2553 1082 adiudicata
2597 1054 2702 1094 —-,

630 1152 815 1195 cum
889 1133 1208 1195 subito
1286 1131 1448 1194 ille
1518 1131 1606 1193 in
1675 1131 2199 1194 contionem
2268 1131 2706 1207 escendit,

631 1265 840 1326 quam
886 1246 1166 1327 Appius
1214 1246 1278 1307 ei
1325 1244 1541 1308 dedit.
1634 1244 1911 1306 nuntiat
1972 1244 2111 1305 iam
2171 1244 2437 1325 populo
2482 1243 2705 1324 ponti-

627 1357 795 1421 fices
839 1359 1221 1421 secundum
1283 1378 1358 1421 se
1406 1358 1822 1432 decrevisse,
1883 1377 1994 1420 me
2055 1367 2292 1419 autem
2336 1356 2407 1417 vi
2470 1354 2706 1417 conari

627 1474 699 1535 in
744 1473 1258 1554 possessionem
1304 1471 1579 1543 venire;
1639 1471 1984 1546 hortatur,
2031 1482 2109 1533 ut
2153 1489 2228 1531 se
2274 1480 2343 1532 et
2390 1469 2705 1550 Appium

626 1596 1010 1667 sequantur
1071 1596 1141 1647 et
1201 1604 1398 1646 suam
1459 1582 1898 1645 Libertatem
1959 1582 2029 1643 vi
2091 1580 2496 1645 defendant.
2587 1581 2701 1642 hic

626 1717 783 1759 cum
829 1697 1038 1759 etiam
1084 1697 1185 1759 illi
1231 1694 1486 1757 infirmi
1533 1695 1790 1776 partim
1857 1694 2387 1771 admirarentur,
2450 1693 2706 1775 partim

624 1808 994 1873 irriderent
1054 1808 1357 1871 hominis
1416 1808 1819 1882 amentiam,
1888 1827 2025 1889 ego
2088 1815 2472 1870 statueram
2539 1805 2704 1868 illuc

627 1941 768 1983 non
813 1921 1170 1996 accedere,
1218 1920 1348 1982 nisi
1393 1940 1550 1982 cum
1582 1921 1903 1982 consules
1950 1939 2041 1982 ex
2072 1930 2355 1983 senatus
2387 1918 2704 1982 consulto

624 2034 973 2115 porticum
1020 2032 1248 2096 Catuli
1294 2034 1802 2097 restituendam
1848 2034 2219 2097 locassent.

801 2147 994 2210 Kal.
1088 2146 1452 2210 Octobr.
1559 2147 1954 2210 habetur
2058 2157 2438 2211 senatus
2542 2144 2701 2207 fre-

628 2279 926 2341 quenS.
1026 2260 1450 2323 adhibentur
1525 2244 1766 2322 omnes
1842 2257 2230 2340 pontifices,
2310 2258 2429 2341 qui
2504 2269 2702 2322 erant

623 2383 1026 2446 senatores;
1074 2391 1116 2434 a
1165 2373 1420 2454 quibus
1453 2371 1925 2449 MarcellinuS,
1975 2372 2093 2453 qui
2141 2381 2291 2434 erat
2340 2369 2700 2452 cupidissi-

625 2505 777 2547 mus
822 2485 977 2561 mei,
1024 2485 1442 2549 sententiam
1489 2484 1756 2565 primus
1788 2497 2079 2566 rogatus
2112 2484 2480 2565 quaesivit,
2529 2484 2699 2565 quid

627 2608 859 2660 essent
918 2597 990 2659 in
1053 2598 1498 2660 decernendo
1561 2597 1806 2661 secuti.
1897 2609 2046 2660 tum
2091 2596 2187 2659 M.
2234 2595 2567 2658 Lucullus
2612 2598 2701 2658 de

625 2712 933 2773 omnium
995 2712 1428 2793 collegarum
1490 2711 1841 2774 sententia
1906 2710 2269 2792 respondit
2336 2709 2700 2797 religionis

625 2823 890 2885 iudices
934 2820 1306 2905 pontifices
1351 2822 1589 2900 fuisse,
1654 2823 1836 2906 legis
1882 2842 2033 2885 esse
2080 2834 2433 2895 senatum;
2496 2840 2571 2885 se
2632 2832 2702 2885 et

624 2936 938 3018 collegas
998 2955 1160 2998 suos
1222 2937 1310 2998 de
1367 2937 1712 3019 religione
1758 2936 2106 3012 statuisse,
2168 2935 2240 2997 in
2300 2945 2550 2998 senatu
2613 2935 2702 2998 de

623 3048 787 3131 lege
816 3058 1197 3111 statuturos
1244 3068 1400 3110 cum
1430 3059 1697 3111 senatu.
1745 3048 1982 3130 itaque
2022 3067 2148 3110 suo
2180 3046 2478 3128 quisque
2507 3036 2703 3109 sena-

623 3173 855 3224 torum
928 3160 1085 3223 loco
1160 3161 1576 3224 sententiam
1659 3171 1952 3244 rogatus
2026 3161 2244 3223 multa
2319 3161 2702 3222 secundum

625 3294 906 3336 causam
974 3284 1281 3336 nostram
1351 3274 1758 3356 disputavit.
1851 3294 2034 3336 cum
2116 3273 2221 3334 ad
2297 3270 2701 3337 Clodium

625 3399 982 3450 ventum
1073 3397 1346 3463 esset,
1439 3387 1739 3470 cupiit
1832 3387 2063 3449 diem
2152 3391 2701 3463 consumere,

624 3519 852 3582 neque
898 3500 962 3563 ei
999 3497 1157 3561 finis
1205 3511 1312 3563 est
1357 3499 1622 3579 factus3
1683 3501 1809 3562 sed
1861 3510 2115 3574 tamen,
2186 3517 2376 3561 cum
2429 3499 2701 3563 horas

623 3626 809 3677 tres
840 3612 1032 3675 fere
1064 3613 1480 3690 dixisset,
1515 3613 1725 3677 odio
1772 3623 1856 3677 et
1903 3612 2304 3694 strepitu
2336 3623 2703 3679 senatus

624 3740 997 3791 coactus
1045 3736 1184 3790 est
1228 3726 1722 3809 aliquando
1769 3746 2227 3808 perorare.
2298 3746 2454 3789 cum
2500 3724 2700 3791 fieret

2786 1040 2820 1078 5
2995 857 3001 1068 Ι

2761 1602 2818 1640 10

2759 2169 2819 2208 15

2757 2738 2816 2775 20

2755 3302 2814 3341 25

623 3849 909 3903 senatus
956 3841 1347 3903 consultum
1394 3840 1464 3901 in
1502 3840 1919 3903 sententiam
1952 3839 2346 3903 Marcellini
2379 3839 2702 3904 omnibus
2750 3846 2808 3885 8⁸

624 3962 908 4035 praeter
967 3973 1180 4015 unum
1240 3953 1806 4028 assentientibuS,
1868 3952 2213 4018 Serranus
2282 3953 2693 4017 intercessit.

624 4067 714 4128 de
760 4067 1256 4130 intercessione
1301 4065 1537 4129 statim
1583 4067 1793 4129 ambo
1841 4066 2160 4128 consules
2220 4064 2484 4128 referre
2544 4086 2697 4129 coe-
