3025 4825
1224 373 1298 427 ad
1335 374 1470 426 fam.
1508 373 1677 429 XVI.
1712 375 1764 426 4.
2445 376 2530 439 57

447 566 700 649 diligit.
794 577 883 642 et,
933 586 1090 628 cum
1136 567 1522 630 valetudini
1584 577 1747 629 tuae
1796 566 2327 650 diligentissime
2375 588 2532 631 con-

448 679 764 756 sulueris,
812 690 980 755 tum,
1030 680 1122 741 mi
1170 679 1356 756 Tiro,
1404 680 1753 743 consulito
1802 680 2265 762 navigationi.
2343 681 2535 742 nulla

450 794 523 853 in
570 792 832 854 teiam
878 803 949 854 te
994 790 1332 854 festinare
1378 793 1577 869 volo;
1640 792 1882 853 nihil
1945 793 2291 867 laboro,
2355 794 2534 855 nisi

451 916 546 968 ut
590 905 904 967 salvus
950 906 1092 967 sis.

369 1042 395 1077 5
626 1018 742 1082 Sic
809 1020 1094 1094 habeto,
1165 1020 1256 1080 mi
1325 1019 1512 1093 Tiro,
1584 1020 1930 1081 neminem
1993 1039 2164 1096 esse,
2237 1020 2354 1101 qui
2423 1039 2532 1081 me
2588 1028 2624 1078 4

451 1143 657 1206 amet,
707 1132 870 1212 quin
920 1131 1104 1193 idem
1166 1143 1238 1194 te
1284 1144 1491 1207 amet,
1558 1143 1627 1194 et
1674 1151 1831 1194 cum
1892 1142 2015 1194 tua
2077 1143 2145 1195 et
2194 1151 2349 1194 mea
2397 1152 2533 1194 ma-

407 1320 410 1323 *
449 1244 639 1305 xime
686 1245 975 1308 interest
1035 1255 1106 1307 te
1151 1245 1409 1318 valere,
1472 1255 1620 1307 tum
1667 1244 1903 1306 multis
1963 1256 2067 1307 est
2114 1264 2342 1308 curae.
2418 1246 2534 1306 ad-

448 1358 607 1432 hue,
655 1359 818 1419 dum
868 1358 1035 1419 mihi
1084 1358 1275 1419 nullo
1321 1358 1479 1420 loco
1544 1360 1788 1419 deesse
1835 1358 1960 1433 viS,
2026 1378 2402 1439 numquam
2464 1371 2535 1422 te

449 1467 863 1533 confirmare
924 1471 1250 1550 potuisti;
1313 1490 1497 1532 nunc
1558 1482 1630 1533 te
1692 1470 1864 1531 nihil
1911 1470 2237 1553 impedit:
2304 1472 2537 1534 omnia

344 1608 398 1644 ιο
450 1585 747 1665 depone,
796 1584 1076 1666 corpori
1121 1584 1326 1647 servi.
1380 1594 1712 1665 quantam
1746 1584 2185 1667 diligentiam
2231 1585 2300 1647 in
2349 1586 2534 1647 vale-

446 1698 763 1760 tudinem
809 1707 1000 1759 tuam
1047 1697 1441 1773 contuleris,
1504 1698 1683 1759 tanti
1746 1718 1855 1759 me
1902 1696 2054 1760 fieri
2118 1718 2161 1760 a
2220 1709 2293 1761 te
2354 1699 2527 1760 iudi-

348 1807 353 1812 ’
449 1812 647 1873 cabo.
699 1809 899 1887 Vale,
949 1809 1040 1872 mi
1087 1810 1274 1886 Tiro,
1320 1811 1498 1888 vale,
1548 1811 1707 1872 vale
1755 1821 1823 1873 et
1870 1811 2084 1873 salve.
2133 1810 2359 1892 Lepta
2404 1812 2534 1874 tibi

452 1923 749 1985 salutem
797 1923 963 1986 dicit
1011 1935 1080 1986 et
1128 1942 1388 1985 omnes,
1437 1921 1639 1985 Vale.
1687 1945 1794 1985 vn.
1836 1923 1927 1986 id.
1960 1923 2140 1986 Nov.
2189 1923 2534 1987 Leucade.
