3025 4825
534 409 618 471 66
1316 409 1391 461 ad
1430 408 1556 462 Att.
1594 409 1736 463 Vll.
1770 411 1821 462 6.

532 612 767 663 tamen
830 602 1234 664 consideres
1294 603 1539 676 velim;
1608 614 1783 685 puto
1843 603 2048 679 enim,
2121 604 2192 665 in
2255 614 2504 666 senatu
2554 602 2613 665 si

536 714 817 793 quando
849 715 1212 795 praeclare
1257 735 1387 797 pro
1433 734 1509 777 re
1543 715 1828 795 publica
1874 716 2143 793 dixero,
2180 716 2613 778 Tartessium

533 825 742 888 istum
816 836 1009 889 tuum
1100 827 1269 889 mihi
1346 830 1667 892 exeunti:
1732 820 1936 891 eIube
2011 830 2217 892 sodes
2292 848 2614 892 nummos

532 935 824 1005 curare.⁹

426 1059 495 1111 12
705 1050 893 1146 Quid
967 1057 1330 1134 superest?
1409 1053 1661 1118 Etiam.
1737 1073 2015 1138 gener
2091 1066 2226 1117 est
2301 1053 2615 1116 suavis
2698 1071 2730 1107 ι’»

532 1164 763 1239 mihi,
811 1164 1189 1241 Tulliae,
1242 1164 1751 1229 Terentiae.
1843 1168 2422 1248 quantumvis
2466 1167 2614 1228 vel

530 1276 881 1359 ingenii
927 1278 1069 1340 vel
1114 1279 1737 1355 humanitati8‚
1800 1280 2025 1342 satis
2072 1279 2613 1362 dignitatis:

529 1390 817 1471 reliqua,
868 1410 1047 1473 quae
1094 1391 1298 1467 nosti,
1343 1390 1658 1454 ferenda.
1729 1393 1869 1455 scis
1914 1392 2117 1468 enim,
2167 1412 2341 1474 quos
2386 1411 2601 1474 appe-

529 1502 862 1566 tierimuS.
933 1503 1050 1585 qui
1118 1522 1367 1566 omnes
1407 1516 1689 1585 praeter
1749 1523 1929 1582 eum,
1998 1507 2086 1567 de
2150 1526 2287 1588 quo
2351 1524 2480 1587 per
2542 1515 2615 1567 te

530 1605 822 1699 egimus,
869 1635 1018 1678 rem
1063 1637 1174 1680 me
1206 1615 1441 1678 facere
1487 1626 1749 1680 rentur.
1795 1616 1973 1700 Ipsis
2004 1618 2189 1680 enim
2221 1638 2615 1700 expensum
2671 1640 2733 1677 ιο

531 1750 734 1792 nemo
782 1729 981 1794 feret.
1072 1731 1196 1792 sed
1241 1731 1418 1791 haec
1464 1748 1735 1803 coram;
1798 1750 1958 1793 nam
2005 1732 2202 1795 multi
2263 1733 2617 1795 sermonis

529 1854 710 1905 sunt.
758 1842 1037 1905 Tironis
1082 1840 1441 1904 reficiendi
1503 1861 1665 1924 spes
1725 1852 1832 1904 est
1888 1843 1957 1904 in
2020 1842 2135 1905 M'.
2174 1842 2422 1916 Curio:
2491 1845 2613 1906 cui

529 1974 666 2036 ego
733 1954 980 2034 scripsi
1042 1954 1169 2016 tibi
1231 1974 1389 2017 eum
1435 1955 1907 2037 gratissimum
1950 1953 2317 2018 facturum.
2409 1955 2615 2018 Data

530 2089 587 2127 v.
633 2065 789 2127 idus
835 2064 1207 2129 Decembr.
1256 2086 1299 2128 a
1345 2067 1599 2129 Pontio
1647 2086 1738 2128 ex
1785 2067 2206 2129 Trebulano.

527 2498 637 2566 26.
685 2505 803 2577 (Ad
852 2506 971 2560 Att.
1000 2505 1158 2572 VII„
1209 2504 1293 2577 6.)
1351 2519 1446 2544 —-‘
1486 2503 1607 2559 Ser.
1655 2504 1716 2557 in
1760 2507 2066 2558 Formiano
2113 2504 2321 2559 XIIII.
2366 2504 2425 2560 k.
2460 2505 2617 2571 Ian„

1154 2622 1219 2669 ut
1262 2617 1507 2685 videtur,
1554 2634 1610 2671 a.
1662 2616 1783 2669 704
1830 2616 1984 2689 (50).

1020 2765 1429 2831 CICERO
1475 2764 1870 2830 ATTICO
1915 2764 2116 2830 SAL.

440 2942 469 2991 1
700 2923 922 2985 Plane
969 2924 1186 2999 deest,
1235 2923 1425 3004 quod
1485 2923 1578 2984 ad
1625 2931 1693 2983 te
1739 2921 2071 3011 scribam;
2135 2929 2305 2983 nota
2367 2940 2531 2983 omn
2543 2921 2614 2982 ia
2675 2938 2737 2975 ιε»

528 3034 654 3096 tibi
712 3044 878 3098 sunt
896 3058 910 3106 ;
974 3055 1102 3097 nec
1163 3036 1315 3117 ipse
1376 3036 1628 3108 habeo,
1692 3053 1734 3096 a
1794 3044 1861 3094 te
1923 3033 2110 3113 quod
2172 3043 2613 3113 exspectem.

524 3158 798 3210 tantum
858 3148 1074 3230 igitur
1135 3156 1448 3212 nostrum
1494 3147 1667 3209 illud
1713 3146 2022 3208 solemne
2084 3162 2468 3218 servemuS,
2535 3156 2617 3206 ut

438 3272 473 3322 2
527 3278 615 3320 ne
664 3278 869 3340 quem
914 3260 1091 3322 istuc
1138 3271 1420 3322 euntem
1465 3260 1615 3325 sine
1661 3237 1909 3321 litteris
1955 3256 2407 3319 dimittamus,
2503 3257 2549 3317 d
2571 3276 2612 3318 e

527 3388 615 3431 re
662 3370 1033 3451 publica
1079 3371 1344 3432 valde
1390 3370 1662 3432 timeo
1709 3387 1867 3430 nec
1913 3366 2201 3429 adhuc
2248 3363 2446 3427 fere
2496 3368 2613 3428 in-

525 3483 751 3558 veni,
816 3482 963 3564 qui
1024 3503 1193 3545 non
1255 3481 1924 3573 concedendum
1985 3488 2364 3561 putaret
2409 3479 2616 3542 Cae·
2671 3496 2735 3532 ⁴2·

526 3595 730 3668 sari,
809 3596 1043 3675 quod
1118 3596 1682 3676 postularet,
1758 3593 2063 3673 potius
2140 3611 2401 3673 quam
2477 3593 2612 3655 de·

526 3727 571 3787 p
593 3727 638 3768 u
654 3727 706 3788 g
724 3728 770 3768 n
788 3728 830 3769 a
851 3728 896 3769 n
914 3710 959 3769 d
976 3729 1021 3770 u
1041 3727 1127 3769 m.
1222 3720 1325 3772 est
1385 3708 1507 3769 illa
1554 3707 1835 3790 quidem
1880 3705 2248 3785 impudens
2295 3706 2613 3785 postula-

528 3820 622 3882 tio
642 3839 655 3890 ;
719 3821 845 3882 sed
908 3821 984 3895 is,
1049 3822 1168 3902 qui
1231 3821 1565 3902 postulat,
1628 3818 1957 3899 opinione
2016 3817 2386 3881 valentior.
2482 3838 2613 3880 cur

526 3943 760 3994 autem
807 3953 990 3995 nunc
1036 3934 1336 4014 primum
1383 3931 1448 3994 ei
1491 3931 1941 3993 resistamus?

847 4120 855 4129 ι
910 4072 1034 4140 Ὃῦ
1080 4073 1202 4163 γὰρ
1250 4072 1330 4158 δὴ
1378 4072 1530 4138 τάδε
1572 4072 1795 4157 μεῖζον
1839 4066 1950 4135 ἔπι
1994 4068 2230 4146 κακόν,’
