3025 4825
1182 446 1256 499 ad
1293 445 1426 502 fam.
1465 448 1673 505 VIIII.
1710 448 1759 503 6.
2424 436 2503 500 81

429 635 524 696 ad
585 636 964 702 bestiarum
1024 640 1366 703 auxilium
1425 644 1812 728 confugere
1861 665 2070 727 quam
2115 645 2228 706 vel
2290 641 2507 703 emori

431 748 546 810 vel
578 767 736 810 cum
782 769 927 833 spe,
975 751 1034 813 si
1081 772 1222 815 non
1253 756 1541 836 optima,
1589 768 1663 819 at
1705 759 1942 841 aliqua
1978 768 2214 821 tamen
2245 755 2507 816 vivere.

608 862 788 936 „At-
815 862 901 924 in
932 869 1478 945 perturbata
1524 890 1615 932 re
1646 870 2024 951 publica
2054 866 2506 931 vivimus“.
2563 874 2599 926 4

435 974 587 1054 quis
634 980 893 1058 negat?
941 979 1066 1039 sed
1111 978 1244 1042 hoc
1289 982 1596 1044 viderint
1639 983 1707 1057 ii,
1773 982 1890 1064 qui
1938 982 2129 1044 nulla
2174 981 2309 1043 sibi
2353 982 2510 1043 sub·

351 1110 381 1146 5
433 1086 612 1148 sidia
658 1089 751 1150 ad
795 1093 1036 1152 omnes
1082 1092 1271 1154 vitae
1331 1102 1554 1155 status
1601 1100 2066 1176 paraverunt3
2127 1095 2265 1156 huc
2327 1093 2509 1155 enim

434 1207 511 1259 ut
570 1198 901 1277 venirem,
984 1203 1302 1283 superior
1377 1205 1680 1289 longiuS,
1751 1225 1961 1287 quam
2013 1205 2224 1279 volui,
2307 1202 2512 1266 fluxit

435 1310 679 1375 oratio.
730 1332 885 1374 cum
933 1315 1119 1376 enim
1165 1325 1232 1379 te
1262 1336 1539 1399 semper
1570 1338 1904 1401 magnum
1934 1318 2286 1380 hominem
2318 1317 2510 1393 duxi,

436 1434 581 1486 tum
628 1426 813 1505 quod
859 1426 970 1489 his
1016 1431 1548 1510 tempestatibus
1593 1451 1670 1493 es
1698 1450 1922 1513 prope
1968 1431 2161 1493 solus
2204 1430 2275 1491 in
2307 1439 2514 1511 portu

435 1534 841 1620 fructusque
887 1541 1247 1605 doctrinae
1292 1544 1598 1625 percipis
1645 1564 1785 1619 eOS,
1835 1544 1952 1626 qui
1999 1544 2287 1605 maximi
2333 1552 2513 1618 sunt,

326 1678 384 1714 10
435 1659 512 1711 ut
556 1670 641 1712 ea
687 1652 1086 1716 consideres
1133 1675 1355 1737 eaque
1401 1666 1679 1733 tracteS‚
1744 1676 2039 1738 quorum
2103 1665 2173 1718 et
2236 1675 2402 1716 usus
2447 1665 2518 1717 et

434 1763 807 1828 delectatio
855 1775 963 1828 est
993 1768 1316 1830 omnibus
1361 1770 1655 1832 istorum
1701 1778 1772 1832 et
1814 1768 1994 1832 actis
2040 1778 2109 1831 et
2140 1768 2516 1849 voluptati-

432 1878 566 1938 bus
611 1881 1126 1959 anteponenda.
1176 1882 1590 1963 equidem
1634 1883 1798 1944 hos
1847 1890 2050 1943 tuos
2093 1880 2514 1942 Tuscula·

434 2009 767 2052 nenses
812 1992 1010 2054 dies
1055 1993 1357 2056 instar
1403 2013 1600 2055 esse
1645 1994 1898 2055 vitae
1942 2001 2158 2074 puto
2190 1992 2515 2055 libenter·

437 2119 571 2183 que
619 2104 941 2167 omnibus
973 2125 1217 2168 omnes
1262 2126 1436 2187 opes
1466 2106 1955 2182 concesserim,
2004 2115 2082 2167 ut
2110 2105 2276 2166 mihi
2307 2105 2516 2168 liceat

329 2236 387 2273 15
436 2215 507 2276 vi
554 2216 748 2278 nulla
790 2217 1285 2300 interpellante
1331 2219 1464 2282 isto
1512 2220 1722 2282 modo
1769 2220 2027 2282 vivere.
2078 2220 2315 2299 quod
2360 2237 2519 2280 nos
2572 2223 2606 2274 5

438 2348 790 2409 quoque
836 2330 1320 2408 imitamur,
1385 2342 1476 2394 ut
1521 2350 2027 2414 possumuS,
2089 2340 2174 2392 et
2233 2330 2319 2391 in
2382 2349 2520 2391 no-

434 2443 657 2506 stris
713 2444 1050 2508 studiis
1096 2446 1719 2509 libentissime
1767 2445 2519 2527 conquiescimus.

438 2556 593 2637 quis
660 2557 845 2619 enim
904 2559 1040 2621 hoc
1101 2579 1241 2621 non
1302 2559 1576 2621 dederit
1635 2558 1862 2634 nobiS,
1926 2567 2020 2634 ut,
2085 2576 2244 2620 cum
2304 2577 2521 2639 opera

438 2680 680 2733 nostra
726 2671 960 2751 patria
1006 2671 1155 2733 sive
1200 2692 1342 2734 non
1372 2672 1596 2752 possit
1640 2672 1740 2733 uti
1785 2671 1933 2732 sive
1981 2671 2174 2745 nolit,
2223 2671 2317 2732 ad
2363 2689 2520 2732 eam

328 2806 386 2841 20
435 2783 655 2844 vitam
697 2794 1153 2861 revertamur,
1218 2804 1427 2865 quam
1472 2785 1671 2846 multi
1733 2784 1922 2846 docti
1980 2783 2321 2859 homineS,
2383 2782 2518 2846 for-

437 2906 624 2959 tasse
671 2916 812 2960 non
857 2908 1067 2972 recte,
1114 2900 1239 2960 sed
1288 2907 1523 2959 tamen
1567 2897 1766 2960 multi
1815 2897 2024 2960 etiam
2060 2897 2161 2959 rei
2193 2897 2522 2978 publicae

436 3012 1013 3091 praeponendam
1057 3014 1527 3093 putaverunt?
1593 3030 1773 3091 quae
1833 3010 2048 3093 igitur
2107 3010 2338 3072 studia
2384 3029 2522 3071 ma-

435 3141 739 3204 gnorum
827 3123 1189 3186 hominum
1292 3123 1643 3186 sententia
1732 3122 2174 3185 vacationem
2261 3123 2526 3185 habent

441 3237 793 3316 quandam
838 3236 1105 3317 publici
1154 3236 1477 3312 muneris,
1528 3236 1613 3297 iis
1653 3237 2083 3298 concedente
2128 3255 2206 3297 re
2238 3236 2523 3316 publica

333 3362 391 3402 25
440 3367 565 3409 cur
610 3368 749 3411 non
796 3350 1214 3413 abutamur?
1306 3351 1432 3412 sed
1459 3350 1634 3430 ⁴plus
1680 3348 1888 3425 facio,
1938 3367 2147 3429 quam
2192 3347 2522 3410 Caninius
2574 3353 2609 3403 6

442 3462 841 3535 mandavit3
910 3462 968 3524 is
1044 3463 1251 3539 enim,
1321 3463 1382 3524 si
1453 3463 1620 3544 quid
1682 3482 1818 3544 ego
1884 3462 2153 3537 scirem,
2215 3472 2522 3544 rogarat,

443 3576 631 3655 quod
678 3585 752 3636 tu
798 3575 1140 3648 nescires;
1190 3595 1328 3659 ego
1376 3575 1503 3638 tibi
1552 3595 1636 3638 ea
1668 3595 1895 3655 narro,
1945 3594 2125 3656 quae
2170 3584 2245 3637 tu
2276 3576 2523 3638 melius

441 3686 578 3750 scis
626 3708 836 3769 quam
882 3688 1058 3769 ipse,
1106 3690 1225 3771 qui
1274 3709 1501 3753 narro.
1565 3688 1824 3751 faciam
1870 3708 2043 3771 ergo
2091 3689 2286 3766 illud,
2338 3691 2523 3770 quod

441 3809 735 3882 rogatus
795 3820 969 3878 sum,
1033 3812 1109 3865 ut
1170 3822 1431 3878 eorum,
1482 3821 1661 3883 quae
1708 3802 2044 3883 temporis
2101 3802 2309 3864 huius
2367 3802 2521 3877 sint,

337 3937 392 3975 30
445 3931 625 3993 quae
673 3921 741 3974 te
787 3913 970 3975 scire
1016 3914 1356 3977 interesse
1404 3925 1526 3977 tua
1556 3915 1822 3988 videro,
1871 3932 1958 3976 ne
2007 3914 2172 3996 quid
2218 3914 2521 3995 ignores.

551 4256 771 4305 Ausgew.
800 4257 954 4297 Briefe
984 4258 1172 4298 Ciceros
1202 4269 1246 4297 v.
1276 4259 1541 4309 Gschwind,
1573 4259 1802 4299 Textheft.
1867 4312 1872 4317 ᾖ
2349 4255 2383 4307 6
