3025 4825
316 1629 377 1665 10

320 2763 379 2799 20

1203 398 1276 452 ad
1317 399 1442 452 Att.
1477 399 1652 453 VIII.
1688 400 1737 452 3.
2421 401 2501 463 71

420 592 627 669 solet,
689 602 778 670 et,
841 603 918 656 ut
979 594 1132 675 ipse
1178 594 1384 670 sensi,
1449 604 1636 656 esset
1679 592 2053 655 multitudo
2116 603 2187 655 et
2231 591 2507 660 infimus

429 706 724 788 quisque
771 726 1164 788 propensus
1211 707 1281 768 in
1327 707 1620 769 alteram
1679 716 1971 787 partem,
2033 706 2231 778 multi
2290 715 2506 768 muta·

426 818 640 881 tionis
684 837 918 881 rerum
963 819 1223 900 cupidi.
1271 819 1420 881 dixi
1466 819 1603 901 ipsi
1650 838 1759 880 me
1805 818 1977 880 nihil
2022 828 2508 900 suscepturum

425 930 577 993 sine
622 932 976 1013 praesidio
1025 941 1097 994 et
1139 932 1291 993 sine
1336 931 1659 1013 pecunia.
1722 931 2029 1012 itaque
2073 931 2348 994 habui
2395 932 2506 993 ni·

425 1044 557 1106 hil
604 1045 963 1107 omnino
1011 1044 1397 1127 negotii,
1474 1045 1708 1126 quod
1785 1045 1890 1106 ab
1966 1043 2241 1106 initio
2317 1045 2508 1106 vidi

426 1158 665 1219 nihil
733 1159 1057 1240 quaeri
1117 1169 1491 1239 praeter
1558 1156 1886 1239 fugam.
1979 1176 2134 1219 eam
2200 1158 2257 1219 si
2326 1178 2508 1219 nunc

425 1289 703 1352 sequor,
737 1275 1089 1354 quonam?
1138 1290 1295 1334 cum
1339 1271 1460 1336 illo
1509 1291 1685 1344 non;
1734 1272 1826 1333 ad
1858 1289 2066 1352 quem
2097 1290 2255 1332 cum
2285 1289 2509 1333 essem

426 1382 812 1464 profectuS,
879 1384 1185 1467 cognovi
1248 1384 1319 1445 in
1379 1385 1465 1448 iis
1519 1385 1704 1447 vlocis
1767 1404 1921 1446 esse
1983 1382 2374 1461 Caesarem,
2436 1393 2513 1445 ut

427 1506 577 1558 tuto
623 1496 991 1559 Luceriam
1033 1497 1275 1560 venire
1322 1517 1461 1561 non
1492 1516 1793 1578 possem.
1841 1496 2066 1568 infero
2100 1497 2275 1559 mari
2308 1497 2512 1560 nobis

428 1608 695 1672 incerto
743 1629 952 1672 cursu
1000 1610 1230 1672 hieme
1277 1610 1588 1672 maxima
1633 1611 2115 1693 navigandum
2159 1619 2286 1672 est.
2373 1629 2509 1693 age

428 1723 590 1796 iam,
639 1742 797 1784 cum
828 1721 1051 1785 fratre
1097 1744 1189 1785 an
1233 1722 1385 1785 sine
1433 1743 1519 1786 eo
1553 1742 1710 1785 cum
1740 1720 1929 1786 filio?
1977 1734 2051 1785 at
2084 1743 2223 1804 quo
2256 1723 2509 1785 modo?

429 1836 500 1896 in
550 1846 847 1918 utraque
895 1837 1080 1897 enim
1126 1856 1202 1899 re
1249 1856 1518 1899 summa
1565 1834 1946 1899 difficultas
1992 1837 2142 1913 erit,
2205 1855 2511 1900 summus

428 1947 646 2010 animi
691 1950 926 2022 dolor:
993 1950 1145 2030 qui
1208 1959 1502 2011 autem
1562 1950 1953 2031 impetus
2017 1949 2275 2012 illius
2335 1950 2513 2011 erit

430 2062 516 2123 in
564 2082 720 2124 nos
766 2063 1177 2125 absentis
1209 2062 1811 2145 fortunasque
1845 2063 2237 2125 nostras!
2287 2062 2513 2124 acrior

357 2195 379 2230 ἰ
433 2195 644 2257 quam
691 2175 763 2236 in
812 2185 1226 2250 ceterorum,
1276 2177 1465 2259 quod
1510 2176 1786 2256 putabit
1831 2175 2131 2239 fortasse
2192 2175 2262 2236 in
2310 2175 2512 2237 nobis

432 2288 780 2351 violandis
824 2288 1092 2370 aliquid
1138 2308 1215 2350 se
1259 2288 1525 2350 habere
1569 2289 1935 2370 populare.
1997 2307 2133 2370 age
2179 2288 2337 2363 iam,
2384 2288 2513 2349 has

430 2402 828 2483 compedeS‚
877 2400 1110 2478 fasciS‚
1161 2402 1468 2485 inquam,
1529 2403 1660 2465 hos
1705 2402 2056 2470 laureatos
2118 2399 2373 2463 efferre
2419 2421 2511 2463 ex

428 2514 633 2577 Italia
682 2535 893 2597 quam
945 2516 1315 2579 molestum
1361 2518 1498 2578 est!
1548 2516 1666 2597 qui
1698 2526 1930 2578 autem
1974 2516 2172 2578 locus
2216 2515 2349 2577 erit
2394 2535 2511 2577 no·

430 2629 543 2689 bis
576 2637 786 2704 tutuS,
833 2638 913 2690 ut
942 2629 1080 2690 iam
1111 2629 1406 2710 placatis
1437 2638 1713 2693 utamur
1742 2626 2090 2704 fluctibuS,
2138 2637 2513 2711 antequam

431 2743 524 2804 ad
571 2742 767 2803 illum
811 2742 1256 2806 venerimus?
1305 2762 1446 2823 qua
1490 2753 1724 2804 autem
1768 2752 1890 2804 aut
1920 2762 2079 2823 quc,
2128 2741 2299 2803 nihil
2346 2741 2513 2803 scie-

431 2873 606 2916 mus.
654 2863 747 2929 at,
796 2854 869 2915 si
917 2855 1370 2917 restitero
1418 2863 1508 2916 et
1548 2853 1832 2916 fuerit
1892 2855 2148 2917 nobis
2208 2854 2291 2916 in
2351 2855 2512 2915 hac

431 2977 693 3048 parte
739 2967 1018 3042 locuS,
1080 2968 1315 3029 idem
1359 2967 1671 3031 fecero
1734 2969 1971 3050 quod
2032 2968 2119 3029 in
2167 2966 2512 3031 Cinnae

432 3080 1067 3144 dominatione
1127 3079 1202 3141 L.
1266 3080 1773 3164 Philippus,
1837 3084 2073 3163 quod
2134 3080 2209 3143 L.
2272 3079 2513 3143 Flac·

432 3214 608 3269 cuS,
656 3214 826 3275 quo
850 3195 895 3255 d
944 3192 1026 3273 Q.
1075 3193 1447 3268 Mucius,
1496 3215 1778 3276 quoquo
1812 3196 2019 3257 modo
2067 3214 2152 3255 ea
2198 3213 2310 3256 res
2352 3194 2513 3256 huic

359 3322 384 3358 ι’»
436 3306 719 3388 quidem
765 3306 1058 3383 cecidit3
1109 3307 1227 3388 qui
1278 3316 1508 3368 tamen
1555 3308 1655 3369 ita
1700 3308 1933 3369 dicere
1978 3309 2272 3384 solebat,
2320 3328 2395 3370 se
2443 3308 2514 3369 id

434 3419 587 3482 fore
636 3419 895 3496 videre,
948 3421 1139 3501 quod
1185 3419 1449 3481 factum
1495 3428 1618 3493 est,
1682 3421 1807 3481 sed
1867 3421 2075 3482 malle
2140 3440 2351 3502 quam
2411 3441 2513 3482 ar·

422 3540 698 3593 matum
748 3532 835 3593 ad
885 3532 1160 3613 patriae
1206 3532 1483 3594 moenia
1531 3534 1885 3595 accedere.
1934 3533 2206 3594 aliter
2250 3532 2513 3595 Thra·

434 3645 821 3724 sybulus
904 3653 975 3706 et
1039 3642 1128 3707 fo
1153 3654 1450 3707 rtasse
1520 3644 1856 3706 melius.
1948 3646 2073 3706 sed
2142 3654 2249 3706 est
2324 3655 2514 3707 certa

436 3757 784 3838 quaedam
843 3755 960 3818 illa
1021 3757 1236 3820 Mucii
1301 3759 1479 3819 ratio
1546 3767 1754 3839 atque
1799 3757 2165 3833 sententia,
2231 3767 2336 3819 est
2396 3759 2516 3821 illa

331 3887 388 3924 30
436 3869 647 3931 etiam
694 3869 1025 3952 Philippi,
1073 3882 1163 3947 et,
1211 3891 1369 3933 cum
1414 3872 1503 3934 sit
1552 3890 1858 3948 necesse,
1906 3871 2170 3932 servire
2215 3873 2515 3952 tempori

438 3992 508 4043 et
552 4002 693 4044 non
741 3984 1058 4046 amittere
1104 3994 1401 4064 tempuS‚
1450 4002 1607 4046 cum
1651 3984 1743 4046 sit
1785 3985 2044 4047 datum.
2092 3985 2219 4045 sed
2266 3984 2336 4045 in
2380 3984 2515 4046 hoc

437 4096 592 4176 ipso
625 4097 892 4159 habent
935 4109 1171 4160 tamen
1217 4097 1428 4159 iidem
1476 4080 1704 4159 fasces
1737 4097 2145 4160 molestiam.
2194 4096 2285 4160 sit
2333 4098 2517 4159 enim
