<?xml version="1.0" encoding="UTF-8"?>
<!DOCTYPE html PUBLIC "-//W3C//DTD XHTML 1.0 Transitional//EN"
    "http://www.w3.org/TR/xhtml1/DTD/xhtml1-transitional.dtd">
<html xmlns="http://www.w3.org/1999/xhtml" xml:lang="en" lang="en">
 <head>
  <title>
</title>
<meta http-equiv="Content-Type" content="text/html;charset=utf-8" />
  <meta name='ocr-system' content='tesseract 3.04.00' />
  <meta name='ocr-capabilities' content='ocr_page ocr_carea ocr_par ocr_line ocrx_word'/>
</head>
<body>
  <div class='ocr_page' id='page_1' title='image "ausgewhltebrief00gschgoog_0109.png"; bbox 0 0 3025 4825; ppageno 0'>
   <div class='ocr_carea' id='block_1_1' title="bbox 1153 414 2485 484">
    <p class='ocr_par' dir='ltr' id='par_1_1' title="bbox 1153 414 2485 484">
     <span class='ocr_line' id='line_1_1' title="bbox 1153 414 2485 484; baseline 0.005 -15"><span class='ocrx_word' id='word_1_1' title='bbox 1153 416 1227 469; x_wconf 87' lang='lat' dir='ltr'><strong>ad</strong></span> <span class='ocrx_word' id='word_1_2' title='bbox 1264 414 1398 468; x_wconf 81' lang='lat' dir='ltr'><strong>fam.</strong></span> <span class='ocrx_word' id='word_1_3' title='bbox 1438 416 1618 470; x_wconf 91' lang='lat' dir='ltr'><strong>XIII.</strong></span> <span class='ocrx_word' id='word_1_4' title='bbox 1657 417 1740 470; x_wconf 79' lang='lat'><strong>15.</strong></span> <span class='ocrx_word' id='word_1_5' title='bbox 2398 419 2485 484; x_wconf 83' lang='lat'><strong>85</strong></span> 
     </span>
    </p>
   </div>
   <div class='ocr_carea' id='block_1_2' title="bbox 405 712 2481 915">
    <p class='ocr_par' dir='ltr' id='par_1_2' title="bbox 405 712 2481 915">
     <span class='ocr_line' id='line_1_2' title="bbox 405 712 2481 792; baseline 0 -19"><span class='ocrx_word' id='word_1_6' title='bbox 405 712 517 780; x_wconf 78' lang='grc'><strong>36.</strong></span> <span class='ocrx_word' id='word_1_7' title='bbox 567 719 686 792; x_wconf 82' lang='lat' dir='ltr'><strong>(Ad</strong></span> <span class='ocrx_word' id='word_1_8' title='bbox 733 719 873 774; x_wconf 82' lang='lat' dir='ltr'><strong>fam.</strong></span> <span class='ocrx_word' id='word_1_9' title='bbox 923 720 1117 788; x_wconf 69' lang='lat' dir='ltr'>XIII„</span> <span class='ocrx_word' id='word_1_10' title='bbox 1185 721 1310 792; x_wconf 87' lang='lat'>15.)</span> <span class='ocrx_word' id='word_1_11' title='bbox 1354 753 1440 761; x_wconf 80' lang='lat'><strong>——</strong></span> <span class='ocrx_word' id='word_1_12' title='bbox 1511 721 1632 777; x_wconf 80' lang='lat' dir='ltr'><strong>Sor.</strong></span> <span class='ocrx_word' id='word_1_13' title='bbox 1679 723 1901 776; x_wconf 84' lang='lat' dir='ltr'><strong>Romae</strong></span> <span class='ocrx_word' id='word_1_14' title='bbox 1948 722 2042 776; x_wconf 85' lang='lat' dir='ltr'><strong>vel</strong></span> <span class='ocrx_word' id='word_1_15' title='bbox 2089 740 2176 777; x_wconf 75' lang='lat' dir='ltr'><strong>ex,</strong></span> <span class='ocrx_word' id='word_1_16' title='bbox 2226 739 2279 776; x_wconf 83' lang='lat' dir='ltr'><strong>a.</strong></span> <span class='ocrx_word' id='word_1_17' title='bbox 2327 738 2383 776; x_wconf 87' lang='lat' dir='ltr'><strong>u.</strong></span> <span class='ocrx_word' id='word_1_18' title='bbox 2435 739 2481 774; x_wconf 83' lang='lat' dir='ltr'><strong>c.</strong></span> 
     </span>
     <span class='ocr_line' id='line_1_3' title="bbox 973 826 1923 915; baseline 0.004 -30"><span class='ocrx_word' id='word_1_19' title='bbox 973 833 1093 886; x_wconf 83' lang='lat'><strong>708</strong></span> <span class='ocrx_word' id='word_1_20' title='bbox 1141 833 1273 906; x_wconf 82' lang='grc'>(46)</span> <span class='ocrx_word' id='word_1_21' title='bbox 1319 836 1416 889; x_wconf 82' lang='lat' dir='ltr'><strong>vel</strong></span> <span class='ocrx_word' id='word_1_22' title='bbox 1460 835 1541 889; x_wconf 88' lang='lat' dir='ltr'><strong>in.</strong></span> <span class='ocrx_word' id='word_1_23' title='bbox 1596 835 1714 888; x_wconf 83' lang='grc'><strong>709</strong></span> <span class='ocrx_word' id='word_1_24' title='bbox 1765 826 1923 915; x_wconf 83' lang='grc'>(45).</span> 
     </span>
    </p>
   </div>
   <div class='ocr_carea' id='block_1_3' title="bbox 760 983 2142 1052">
    <p class='ocr_par' dir='ltr' id='par_1_3' title="bbox 760 983 2142 1052">
     <span class='ocr_line' id='line_1_4' title="bbox 760 983 2142 1052; baseline 0.001 -6"><span class='ocrx_word' id='word_1_25' title='bbox 760 983 1152 1049; x_wconf 87' lang='lat' dir='ltr'><strong>CICERO</strong></span> <span class='ocrx_word' id='word_1_26' title='bbox 1198 984 1638 1051; x_wconf 87' lang='lat' dir='ltr'><strong>CAESARI</strong></span> <span class='ocrx_word' id='word_1_27' title='bbox 1682 986 1892 1050; x_wconf 89' lang='lat' dir='ltr'><strong>IMP.</strong></span> <span class='ocrx_word' id='word_1_28' title='bbox 1940 985 2142 1052; x_wconf 86' lang='lat' dir='ltr'><strong>SAL.</strong></span> 
     </span>
    </p>
   </div>
   <div class='ocr_carea' id='block_1_4' title="bbox 328 1140 2571 2135">
    <p class='ocr_par' dir='ltr' id='par_1_4' title="bbox 404 1140 2571 1569">
     <span class='ocr_line' id='line_1_5' title="bbox 580 1140 2571 1219; baseline 0.001 -15"><span class='ocrx_word' id='word_1_29' title='bbox 580 1140 955 1204; x_wconf 87' lang='lat' dir='ltr'><strong>Precilium</strong></span> <span class='ocrx_word' id='word_1_30' title='bbox 1001 1141 1130 1206; x_wconf 89' lang='lat' dir='ltr'><strong>tibi</strong></span> <span class='ocrx_word' id='word_1_31' title='bbox 1174 1144 1586 1206; x_wconf 90' lang='lat' dir='ltr'><strong>commendo</strong></span> <span class='ocrx_word' id='word_1_32' title='bbox 1646 1143 1871 1219; x_wconf 91' lang='lat' dir='ltr'><strong>unice,</strong></span> <span class='ocrx_word' id='word_1_33' title='bbox 1933 1145 2039 1208; x_wconf 92' lang='lat' dir='ltr'><strong>tui</strong></span> <span class='ocrx_word' id='word_1_34' title='bbox 2082 1143 2481 1218; x_wconf 90' lang='lat' dir='ltr'><strong>necessarii,</strong></span> <span class='ocrx_word' id='word_1_35' title='bbox 2540 1146 2571 1198; x_wconf 84' lang='grc'>1</span> 
     </span>
     <span class='ocr_line' id='line_1_6' title="bbox 405 1253 2484 1340; baseline 0.001 -25"><span class='ocrx_word' id='word_1_36' title='bbox 405 1254 543 1317; x_wconf 92' lang='lat' dir='ltr'><strong>mei</strong></span> <span class='ocrx_word' id='word_1_37' title='bbox 603 1253 1139 1333; x_wconf 82' lang='lat' dir='ltr'><strong>familiarissimi,</strong></span> <span class='ocrx_word' id='word_1_38' title='bbox 1199 1256 1335 1320; x_wconf 86' lang='lat' dir='ltr'><strong>viri</strong></span> <span class='ocrx_word' id='word_1_39' title='bbox 1395 1259 1661 1339; x_wconf 87' lang='lat' dir='ltr'><strong>optimi,</strong></span> <span class='ocrx_word' id='word_1_40' title='bbox 1723 1255 1979 1330; x_wconf 86' lang='lat' dir='ltr'><strong>filium;</strong></span> <span class='ocrx_word' id='word_1_41' title='bbox 2051 1277 2258 1340; x_wconf 91' lang='lat' dir='ltr'><strong>quem</strong></span> <span class='ocrx_word' id='word_1_42' title='bbox 2324 1276 2484 1320; x_wconf 91' lang='lat' dir='ltr'><strong>cum</strong></span> 
     </span>
     <span class='ocr_line' id='line_1_7' title="bbox 404 1367 2481 1452; baseline 0.003 -23"><span class='ocrx_word' id='word_1_43' title='bbox 404 1367 925 1432; x_wconf 82' lang='lat' dir='ltr'><strong>adulescentem</strong></span> <span class='ocrx_word' id='word_1_44' title='bbox 970 1367 1198 1450; x_wconf 90' lang='lat' dir='ltr'><strong>ipsum</strong></span> <span class='ocrx_word' id='word_1_45' title='bbox 1239 1383 1536 1452; x_wconf 92' lang='lat' dir='ltr'><strong>propter</strong></span> <span class='ocrx_word' id='word_1_46' title='bbox 1580 1371 1729 1434; x_wconf 90' lang='lat' dir='ltr'><strong>eius</strong></span> <span class='ocrx_word' id='word_1_47' title='bbox 1761 1370 2197 1449; x_wconf 87' lang='lat' dir='ltr'><strong>modestiam,</strong></span> <span class='ocrx_word' id='word_1_48' title='bbox 2242 1373 2481 1435; x_wconf 91' lang='lat' dir='ltr'><strong>huma-</strong></span> 
     </span>
     <span class='ocr_line' id='line_1_8' title="bbox 405 1481 2483 1569; baseline 0.001 -26"><span class='ocrx_word' id='word_1_49' title='bbox 405 1482 714 1559; x_wconf 86' lang='lat' dir='ltr'><strong>nitatem,</strong></span> <span class='ocrx_word' id='word_1_50' title='bbox 777 1481 1084 1544; x_wconf 90' lang='lat' dir='ltr'><strong>animum</strong></span> <span class='ocrx_word' id='word_1_51' title='bbox 1144 1493 1215 1546; x_wconf 91' lang='lat' dir='ltr'><strong>et</strong></span> <span class='ocrx_word' id='word_1_52' title='bbox 1274 1504 1586 1547; x_wconf 88' lang='lat' dir='ltr'><strong>amorem</strong></span> <span class='ocrx_word' id='word_1_53' title='bbox 1647 1505 1823 1567; x_wconf 90' lang='lat' dir='ltr'><strong>erga</strong></span> <span class='ocrx_word' id='word_1_54' title='bbox 1881 1504 1992 1547; x_wconf 92' lang='lat' dir='ltr'><strong>me</strong></span> <span class='ocrx_word' id='word_1_55' title='bbox 2053 1485 2483 1569; x_wconf 85' lang='lat' dir='ltr'><strong>singularem</strong></span> 
     </span>
    </p>

    <p class='ocr_par' dir='ltr' id='par_1_5' title="bbox 328 1593 2487 2135">
     <span class='ocr_line' id='line_1_9' title="bbox 328 1593 2485 1678; baseline 0.001 -21"><span class='ocrx_word' id='word_1_56' title='bbox 328 1610 353 1648; x_wconf 84' lang='lat'>5</span> <span class='ocrx_word' id='word_1_57' title='bbox 404 1593 694 1658; x_wconf 89' lang='lat' dir='ltr'><strong>mirifice</strong></span> <span class='ocrx_word' id='word_1_58' title='bbox 740 1594 982 1678; x_wconf 84' lang='lat' dir='ltr'><strong>diligo,</strong></span> <span class='ocrx_word' id='word_1_59' title='bbox 1030 1605 1177 1659; x_wconf 93' lang='lat' dir='ltr'><strong>tum</strong></span> <span class='ocrx_word' id='word_1_60' title='bbox 1221 1606 1496 1678; x_wconf 91' lang='lat' dir='ltr'><strong>patrem</strong></span> <span class='ocrx_word' id='word_1_61' title='bbox 1543 1596 1690 1659; x_wconf 92' lang='lat' dir='ltr'><strong>eius</strong></span> <span class='ocrx_word' id='word_1_62' title='bbox 1749 1617 1826 1660; x_wconf 91' lang='lat' dir='ltr'><strong>re</strong></span> <span class='ocrx_word' id='word_1_63' title='bbox 1873 1599 2120 1661; x_wconf 92' lang='lat' dir='ltr'><strong>doctus</strong></span> <span class='ocrx_word' id='word_1_64' title='bbox 2167 1598 2485 1661; x_wconf 83' lang='lat' dir='ltr'><strong>intellexi</strong></span> 
     </span>
     <span class='ocr_line' id='line_1_10' title="bbox 404 1707 2481 1792; baseline 0.001 -21"><span class='ocrx_word' id='word_1_65' title='bbox 404 1719 475 1772; x_wconf 90' lang='lat' dir='ltr'><strong>et</strong></span> <span class='ocrx_word' id='word_1_66' title='bbox 522 1707 735 1772; x_wconf 90' lang='lat' dir='ltr'><strong>didici</strong></span> <span class='ocrx_word' id='word_1_67' title='bbox 780 1708 950 1770; x_wconf 91' lang='lat' dir='ltr'><strong>mihi</strong></span> <span class='ocrx_word' id='word_1_68' title='bbox 993 1728 1271 1792; x_wconf 88' lang='lat' dir='ltr'><strong>semper</strong></span> <span class='ocrx_word' id='word_1_69' title='bbox 1315 1708 1534 1772; x_wconf 89' lang='lat' dir='ltr'><strong>fuisse</strong></span> <span class='ocrx_word' id='word_1_70' title='bbox 1581 1711 2091 1774; x_wconf 91' lang='lat' dir='ltr'><strong>amicissimum.</strong></span> <span class='ocrx_word' id='word_1_71' title='bbox 2185 1731 2316 1788; x_wconf 90' lang='lat' dir='ltr'><strong>em,</strong></span> <span class='ocrx_word' id='word_1_72' title='bbox 2363 1712 2481 1774; x_wconf 91' lang='lat' dir='ltr'><strong>hic</strong></span> 
     </span>
     <span class='ocr_line' id='line_1_11' title="bbox 404 1820 2487 1908; baseline 0.001 -26"><span class='ocrx_word' id='word_1_73' title='bbox 404 1820 524 1883; x_wconf 91' lang='lat' dir='ltr'><strong>ille</strong></span> <span class='ocrx_word' id='word_1_74' title='bbox 570 1832 677 1885; x_wconf 91' lang='lat' dir='ltr'><strong>est</strong></span> <span class='ocrx_word' id='word_1_75' title='bbox 719 1823 808 1885; x_wconf 89' lang='lat' dir='ltr'><strong>de</strong></span> <span class='ocrx_word' id='word_1_76' title='bbox 841 1821 996 1898; x_wconf 86' lang='lat' dir='ltr'><strong>illis,</strong></span> <span class='ocrx_word' id='word_1_77' title='bbox 1033 1822 1334 1885; x_wconf 84' lang='lat' dir='ltr'><strong>maxime</strong></span> <span class='ocrx_word' id='word_1_78' title='bbox 1367 1823 1486 1905; x_wconf 92' lang='lat' dir='ltr'><strong>qui</strong></span> <span class='ocrx_word' id='word_1_79' title='bbox 1519 1822 1811 1886; x_wconf 90' lang='lat' dir='ltr'><strong>irridere</strong></span> <span class='ocrx_word' id='word_1_80' title='bbox 1856 1834 2065 1905; x_wconf 91' lang='lat' dir='ltr'><strong>atque</strong></span> <span class='ocrx_word' id='word_1_81' title='bbox 2104 1824 2487 1908; x_wconf 89' lang='lat' dir='ltr'><strong>obiurgare</strong></span> 
     </span>
     <span class='ocr_line' id='line_1_12' title="bbox 404 1925 2484 2020; baseline 0.001 -24"><span class='ocrx_word' id='word_1_82' title='bbox 404 1954 515 1997; x_wconf 92' lang='lat' dir='ltr'><strong>me</strong></span> <span class='ocrx_word' id='word_1_83' title='bbox 544 1935 793 1997; x_wconf 89' lang='lat' dir='ltr'><strong>solitus</strong></span> <span class='ocrx_word' id='word_1_84' title='bbox 825 1925 962 2012; x_wconf 59' lang='lat' dir='ltr'><strong>est,</strong></span> <span class='ocrx_word' id='word_1_85' title='bbox 1000 1937 1189 2017; x_wconf 93' lang='lat' dir='ltr'><strong>quod</strong></span> <span class='ocrx_word' id='word_1_86' title='bbox 1234 1955 1345 1999; x_wconf 89' lang='lat' dir='ltr'><strong>me</strong></span> <span class='ocrx_word' id='word_1_87' title='bbox 1393 1957 1533 1999; x_wconf 90' lang='lat' dir='ltr'><strong>non</strong></span> <span class='ocrx_word' id='word_1_88' title='bbox 1578 1948 1832 2015; x_wconf 90' lang='lat' dir='ltr'><strong>tecum,</strong></span> <span class='ocrx_word' id='word_1_89' title='bbox 1866 1938 2279 2020; x_wconf 89' lang='lat' dir='ltr'><strong>praesertim</strong></span> <span class='ocrx_word' id='word_1_90' title='bbox 2323 1957 2484 2001; x_wconf 93' lang='lat' dir='ltr'><strong>cum</strong></span> 
     </span>
     <span class='ocr_line' id='line_1_13' title="bbox 404 2047 2484 2135; baseline 0.001 -24"><span class='ocrx_word' id='word_1_91' title='bbox 404 2052 536 2111; x_wconf 87' lang='lat' dir='ltr'><strong>abs</strong></span> <span class='ocrx_word' id='word_1_92' title='bbox 606 2059 678 2112; x_wconf 90' lang='lat' dir='ltr'><strong>te</strong></span> <span class='ocrx_word' id='word_1_93' title='bbox 751 2047 1451 2113; x_wconf 88' lang='lat' dir='ltr'><strong>honorificentissime</strong></span> <span class='ocrx_word' id='word_1_94' title='bbox 1522 2049 1876 2127; x_wconf 87' lang='lat' dir='ltr'><strong>invitarer,</strong></span> <span class='ocrx_word' id='word_1_95' title='bbox 1947 2051 2484 2135; x_wconf 85' lang='lat' dir='ltr'><strong>coniungerem;</strong></span> 
     </span>
    </p>
   </div>
   <div class='ocr_carea' id='block_1_5' title="bbox 302 2170 2575 2758">
    <p class='ocr_par' dir='ltr' id='par_1_6' title="bbox 302 2170 2575 2758">
     <span class='ocr_line' id='line_1_14' title="bbox 302 2170 2399 2261; baseline 0.002 -23"><span class='ocrx_word' id='word_1_96' title='bbox 302 2194 354 2230; x_wconf 87' lang='lat'><strong>10</strong></span> <span class='ocrx_word' id='word_1_97' title='bbox 489 2170 633 2239; x_wconf 88' lang='grc' dir='ltr'><strong><em>ἀλλ’</em></strong></span> <span class='ocrx_word' id='word_1_98' title='bbox 693 2170 850 2258; x_wconf 74' lang='grc' dir='ltr'><strong><em>ἐμὸν</em></strong></span> <span class='ocrx_word' id='word_1_99' title='bbox 909 2171 990 2239; x_wconf 76' lang='grc' dir='ltr'><strong>οὔ</strong></span> <span class='ocrx_word' id='word_1_100' title='bbox 1046 2194 1212 2241; x_wconf 84' lang='grc' dir='ltr'><strong><em>ποτε</em></strong></span> <span class='ocrx_word' id='word_1_101' title='bbox 1269 2174 1495 2259; x_wconf 74' lang='grc' dir='ltr'><strong><em>θυμὸν</em></strong></span> <span class='ocrx_word' id='word_1_102' title='bbox 1555 2172 1652 2241; x_wconf 81' lang='grc' dir='ltr'><strong>ἒνὶ</strong></span> <span class='ocrx_word' id='word_1_103' title='bbox 1709 2174 2066 2261; x_wconf 71' lang='grc' dir='ltr'><strong><em>στήθεσσιν</em></strong></span> <span class='ocrx_word' id='word_1_104' title='bbox 2110 2172 2399 2243; x_wconf 73' lang='grc' dir='ltr'><strong><em>ἔπειθεν.</em></strong></span> 
     </span>
     <span class='ocr_line' id='line_1_15' title="bbox 401 2308 2231 2392; baseline 0.003 -22"><span class='ocrx_word' id='word_1_105' title='bbox 401 2308 803 2372; x_wconf 88' lang='lat' dir='ltr'><strong>Audiebam</strong></span> <span class='ocrx_word' id='word_1_106' title='bbox 849 2309 1033 2371; x_wconf 91' lang='lat' dir='ltr'><strong>enim</strong></span> <span class='ocrx_word' id='word_1_107' title='bbox 1081 2320 1355 2374; x_wconf 91' lang='lat' dir='ltr'><strong>nostros</strong></span> <span class='ocrx_word' id='word_1_108' title='bbox 1399 2331 1727 2392; x_wconf 89' lang='lat' dir='ltr'><strong>proceres</strong></span> <span class='ocrx_word' id='word_1_109' title='bbox 1775 2311 2231 2376; x_wconf 89' lang='lat' dir='ltr'><strong>clamitantis:</strong></span> 
     </span>
     <span class='ocr_line' id='line_1_16' title="bbox 577 2431 2345 2525; baseline 0.001 -23"><span class='ocrx_word' id='word_1_110' title='bbox 577 2433 847 2520; x_wconf 81' lang='grc' dir='ltr'><strong><em>ἄλκιμος</em></strong></span> <span class='ocrx_word' id='word_1_111' title='bbox 892 2431 1050 2515; x_wconf 59' lang='grc' dir='ltr'><strong>ἔσθ,</strong></span> <span class='ocrx_word' id='word_1_112' title='bbox 1097 2433 1206 2503; x_wconf 79' lang='grc' dir='ltr'><strong>ἵνα</strong></span> <span class='ocrx_word' id='word_1_113' title='bbox 1250 2434 1352 2510; x_wconf 81' lang='grc' dir='ltr'><strong>τίς</strong></span> <span class='ocrx_word' id='word_1_114' title='bbox 1396 2458 1468 2504; x_wconf 96' lang='grc' dir='ltr'><strong>σε</strong></span> <span class='ocrx_word' id='word_1_115' title='bbox 1512 2436 1623 2503; x_wconf 82' lang='grc' dir='ltr'><strong>καὶ</strong></span> <span class='ocrx_word' id='word_1_116' title='bbox 1668 2436 2006 2525; x_wconf 77' lang='grc' dir='ltr'>ὀψιγόνων</span> <span class='ocrx_word' id='word_1_117' title='bbox 2051 2434 2123 2505; x_wconf 79' lang='grc' dir='ltr'><strong>ἓὺ</strong></span> <span class='ocrx_word' id='word_1_118' title='bbox 2171 2435 2345 2523; x_wconf 84' lang='grc' dir='ltr'><strong><em>εἴπῃ.</em></strong></span> 
     </span>
     <span class='ocr_line' id='line_1_17' title="bbox 578 2544 2361 2638; baseline 0.001 -25"><span class='ocrx_word' id='word_1_119' title='bbox 578 2544 666 2622; x_wconf 82' lang='grc' dir='ltr'><strong>ὣς</strong></span> <span class='ocrx_word' id='word_1_120' title='bbox 710 2545 905 2635; x_wconf 79' lang='grc' dir='ltr'><strong><em>φάτο,</em></strong></span> <span class='ocrx_word' id='word_1_121' title='bbox 950 2547 1065 2615; x_wconf 84' lang='grc' dir='ltr'><strong>τὸν</strong></span> <span class='ocrx_word' id='word_1_122' title='bbox 1110 2550 1172 2615; x_wconf 80' lang='grc' dir='ltr'><strong>δ’</strong></span> <span class='ocrx_word' id='word_1_123' title='bbox 1219 2547 1410 2629; x_wconf 77' lang='grc' dir='ltr'><strong><em>ἄχεος</em></strong></span> <span class='ocrx_word' id='word_1_124' title='bbox 1453 2546 1691 2638; x_wconf 79' lang='grc' dir='ltr'><strong><em>νεφέλη</em></strong></span> <span class='ocrx_word' id='word_1_125' title='bbox 1739 2546 2026 2637; x_wconf 72' lang='grc' dir='ltr'><strong><em>ἐκάλυψε</em></strong></span> <span class='ocrx_word' id='word_1_126' title='bbox 2068 2546 2361 2634; x_wconf 81' lang='grc' dir='ltr'><strong><em>μέλαινα.</em></strong></span> 
     </span>
     <span class='ocr_line' id='line_1_18' title="bbox 575 2682 2575 2758; baseline -0.004 -9"><span class='ocrx_word' id='word_1_127' title='bbox 575 2682 719 2749; x_wconf 86' lang='lat' dir='ltr'><strong>Sed</strong></span> <span class='ocrx_word' id='word_1_128' title='bbox 763 2696 1001 2746; x_wconf 88' lang='lat' dir='ltr'><strong>tamen</strong></span> <span class='ocrx_word' id='word_1_129' title='bbox 1046 2684 1255 2746; x_wconf 89' lang='lat' dir='ltr'><strong>iidem</strong></span> <span class='ocrx_word' id='word_1_130' title='bbox 1301 2704 1412 2747; x_wconf 93' lang='lat' dir='ltr'><strong>me</strong></span> <span class='ocrx_word' id='word_1_131' title='bbox 1460 2685 1915 2748; x_wconf 90' lang='lat' dir='ltr'><strong>consolantur</strong></span> <span class='ocrx_word' id='word_1_132' title='bbox 1961 2685 2204 2758; x_wconf 88' lang='lat' dir='ltr'><strong>etiam;</strong></span> <span class='ocrx_word' id='word_1_133' title='bbox 2266 2686 2482 2749; x_wconf 90' lang='lat' dir='ltr'><strong>homi·</strong></span> <span class='ocrx_word' id='word_1_134' title='bbox 2537 2692 2575 2742; x_wconf 80' lang='grc'><strong>2</strong></span> 
     </span>
    </p>
   </div>
   <div class='ocr_carea' id='block_1_6' title="bbox 297 2796 2481 2990">
    <p class='ocr_par' dir='ltr' id='par_1_7' title="bbox 297 2796 2481 2990">
     <span class='ocr_line' id='line_1_19' title="bbox 297 2796 2481 2881; baseline 0.002 -24"><span class='ocrx_word' id='word_1_135' title='bbox 297 2819 352 2857; x_wconf 82' lang='lat'><strong>15</strong></span> <span class='ocrx_word' id='word_1_136' title='bbox 403 2814 563 2857; x_wconf 88' lang='lat' dir='ltr'><strong>nem</strong></span> <span class='ocrx_word' id='word_1_137' title='bbox 627 2806 989 2878; x_wconf 91' lang='lat' dir='ltr'><strong>perustum</strong></span> <span class='ocrx_word' id='word_1_138' title='bbox 1056 2796 1436 2860; x_wconf 90' lang='lat' dir='ltr'><strong>etiamnum</strong></span> <span class='ocrx_word' id='word_1_139' title='bbox 1502 2798 1733 2881; x_wconf 89' lang='lat' dir='ltr'><strong>gloria</strong></span> <span class='ocrx_word' id='word_1_140' title='bbox 1793 2798 2039 2862; x_wconf 89' lang='lat' dir='ltr'><strong>volunt</strong></span> <span class='ocrx_word' id='word_1_141' title='bbox 2107 2798 2481 2861; x_wconf 89' lang='lat' dir='ltr'><strong>incendere</strong></span> 
     </span>
     <span class='ocr_line' id='line_1_20' title="bbox 403 2907 1220 2990; baseline 0.004 -20"><span class='ocrx_word' id='word_1_142' title='bbox 403 2919 613 2990; x_wconf 91' lang='lat' dir='ltr'><strong>atque</strong></span> <span class='ocrx_word' id='word_1_143' title='bbox 661 2907 759 2971; x_wconf 86' lang='lat' dir='ltr'><strong>ita</strong></span> <span class='ocrx_word' id='word_1_144' title='bbox 802 2908 1220 2990; x_wconf 87' lang='lat' dir='ltr'><strong>loquuntur:</strong></span> 
     </span>
    </p>
   </div>
   <div class='ocr_carea' id='block_1_7' title="bbox 296 3030 2482 3857">
    <p class='ocr_par' dir='ltr' id='par_1_8' title="bbox 296 3030 2482 3857">
     <span class='ocr_line' id='line_1_21' title="bbox 573 3030 2230 3122; baseline 0.003 -24"><span class='ocrx_word' id='word_1_145' title='bbox 573 3031 666 3118; x_wconf 76' lang='grc' dir='ltr'><strong>μὴ</strong></span> <span class='ocrx_word' id='word_1_146' title='bbox 711 3031 842 3116; x_wconf 86' lang='grc' dir='ltr'><strong>μὰν</strong></span> <span class='ocrx_word' id='word_1_147' title='bbox 886 3030 1210 3100; x_wconf 79' lang='grc' dir='ltr'><strong><em>ἀσπουδεὶ</em></strong></span> <span class='ocrx_word' id='word_1_148' title='bbox 1254 3057 1325 3119; x_wconf 81' lang='grc' dir='ltr'><strong>γε</strong></span> <span class='ocrx_word' id='word_1_149' title='bbox 1369 3034 1479 3101; x_wconf 83' lang='grc' dir='ltr'><strong>καὶ</strong></span> <span class='ocrx_word' id='word_1_150' title='bbox 1524 3035 1793 3110; x_wconf 82' lang='grc' dir='ltr'><strong><em>ἀκλειῶς</em></strong></span> <span class='ocrx_word' id='word_1_151' title='bbox 1837 3033 2230 3122; x_wconf 79' lang='grc' dir='ltr'><strong><em>ἀπολοίμην,</em></strong></span> 
     </span>
     <span class='ocr_line' id='line_1_22' title="bbox 576 3142 2318 3234; baseline 0.001 -22"><span class='ocrx_word' id='word_1_152' title='bbox 576 3142 741 3212; x_wconf 86' lang='grc' dir='ltr'><strong><em>ἀλλὰ</em></strong></span> <span class='ocrx_word' id='word_1_153' title='bbox 783 3143 950 3231; x_wconf 79' lang='grc' dir='ltr'><strong><em>μέγα</em></strong></span> <span class='ocrx_word' id='word_1_154' title='bbox 995 3143 1185 3234; x_wconf 80' lang='grc' dir='ltr'><strong><em>ῥέξας</em></strong></span> <span class='ocrx_word' id='word_1_155' title='bbox 1228 3170 1294 3214; x_wconf 84' lang='grc' dir='ltr'><strong>τι</strong></span> <span class='ocrx_word' id='word_1_156' title='bbox 1338 3146 1447 3214; x_wconf 83' lang='grc' dir='ltr'><strong>καὶ</strong></span> <span class='ocrx_word' id='word_1_157' title='bbox 1493 3145 1903 3232; x_wconf 74' lang='grc' dir='ltr'><strong><em>ἐσσομένοισι</em></strong></span> <span class='ocrx_word' id='word_1_158' title='bbox 1944 3145 2318 3216; x_wconf 71' lang='grc' dir='ltr'><strong><em>πυθέσθαι.</em></strong></span> 
     </span>
     <span class='ocr_line' id='line_1_23' title="bbox 400 3281 2482 3365; baseline 0 -18"><span class='ocrx_word' id='word_1_159' title='bbox 400 3281 545 3347; x_wconf 89' lang='lat' dir='ltr'><strong>Sed</strong></span> <span class='ocrx_word' id='word_1_160' title='bbox 612 3301 722 3344; x_wconf 91' lang='lat' dir='ltr'><strong>me</strong></span> <span class='ocrx_word' id='word_1_161' title='bbox 789 3284 1015 3346; x_wconf 91' lang='lat' dir='ltr'><strong>minus</strong></span> <span class='ocrx_word' id='word_1_162' title='bbox 1082 3283 1221 3345; x_wconf 94' lang='lat' dir='ltr'><strong>iam</strong></span> <span class='ocrx_word' id='word_1_163' title='bbox 1282 3293 1584 3359; x_wconf 88' lang='lat' dir='ltr'><strong>movent,</strong></span> <span class='ocrx_word' id='word_1_164' title='bbox 1649 3294 1724 3347; x_wconf 91' lang='lat' dir='ltr'><strong>ut</strong></span> <span class='ocrx_word' id='word_1_165' title='bbox 1783 3284 2002 3347; x_wconf 80' lang='lat' dir='ltr'><strong>videS.</strong></span> <span class='ocrx_word' id='word_1_166' title='bbox 2094 3284 2329 3365; x_wconf 87' lang='lat' dir='ltr'><strong>itaque</strong></span> <span class='ocrx_word' id='word_1_167' title='bbox 2389 3287 2482 3347; x_wconf 90' lang='lat' dir='ltr'><strong>ab</strong></span> 
     </span>
     <span class='ocr_line' id='line_1_24' title="bbox 296 3393 2482 3479; baseline 0 -18"><span class='ocrx_word' id='word_1_168' title='bbox 296 3424 353 3461; x_wconf 80' lang='lat'><strong>20</strong></span> <span class='ocrx_word' id='word_1_169' title='bbox 401 3393 697 3458; x_wconf 90' lang='lat' dir='ltr'><strong>Homeri</strong></span> <span class='ocrx_word' id='word_1_170' title='bbox 756 3395 1357 3479; x_wconf 84' lang='lat' dir='ltr'><strong>magniloquentia</strong></span> <span class='ocrx_word' id='word_1_171' title='bbox 1414 3395 1703 3460; x_wconf 88' lang='lat' dir='ltr'><strong>confero</strong></span> <span class='ocrx_word' id='word_1_172' title='bbox 1764 3415 1875 3460; x_wconf 91' lang='lat' dir='ltr'><strong>me</strong></span> <span class='ocrx_word' id='word_1_173' title='bbox 1935 3400 2026 3460; x_wconf 89' lang='lat' dir='ltr'><strong>ad</strong></span> <span class='ocrx_word' id='word_1_174' title='bbox 2070 3417 2240 3460; x_wconf 87' lang='lat' dir='ltr'><strong>vera</strong></span> <span class='ocrx_word' id='word_1_175' title='bbox 2285 3417 2482 3478; x_wconf 89' lang='lat' dir='ltr'><strong>prae-</strong></span> 
     </span>
     <span class='ocr_line' id='line_1_25' title="bbox 403 3500 1067 3592; baseline -0.002 -22"><span class='ocrx_word' id='word_1_176' title='bbox 403 3518 612 3589; x_wconf 89' lang='lat' dir='ltr'><strong>cepta</strong></span> <span class='ocrx_word' id='word_1_177' title='bbox 659 3500 1032 3592; x_wconf 76' lang='grc' dir='ltr'><strong><em>Εὐριπίδου</em></strong></span> <span class='ocrx_word' id='word_1_178' title='bbox 1050 3530 1067 3547; x_wconf 89' lang='grc'><em>·</em></span> 
     </span>
     <span class='ocr_line' id='line_1_26' title="bbox 576 3632 2030 3724; baseline 0.002 -25"><span class='ocrx_word' id='word_1_179' title='bbox 576 3641 747 3718; x_wconf 84' lang='grc' dir='ltr'><strong><em>μισῶ</em></strong></span> <span class='ocrx_word' id='word_1_180' title='bbox 794 3632 1134 3721; x_wconf 79' lang='grc' dir='ltr'><strong><em>σοφιστήν,</em></strong></span> <span class='ocrx_word' id='word_1_181' title='bbox 1181 3632 1362 3709; x_wconf 81' lang='grc' dir='ltr'><strong><em>ὅστις</em></strong></span> <span class='ocrx_word' id='word_1_182' title='bbox 1407 3632 1529 3715; x_wconf 81' lang='grc' dir='ltr'><strong>οὐχ</strong></span> <span class='ocrx_word' id='word_1_183' title='bbox 1573 3634 1751 3724; x_wconf 73' lang='grc' dir='ltr'><strong>αὐτῷ</strong></span> <span class='ocrx_word' id='word_1_184' title='bbox 1798 3636 2030 3724; x_wconf 81' lang='grc' dir='ltr'><strong><em>σοφός,</em></strong></span> 
     </span>
     <span class='ocr_line' id='line_1_27' title="bbox 407 3771 2477 3857; baseline 0.002 -26"><span class='ocrx_word' id='word_1_185' title='bbox 407 3789 614 3852; x_wconf 91' lang='lat' dir='ltr'><strong>quem</strong></span> <span class='ocrx_word' id='word_1_186' title='bbox 657 3789 938 3832; x_wconf 88' lang='lat' dir='ltr'><strong>versum</strong></span> <span class='ocrx_word' id='word_1_187' title='bbox 982 3790 1202 3834; x_wconf 83' lang='lat' dir='ltr'><strong>senex</strong></span> <span class='ocrx_word' id='word_1_188' title='bbox 1249 3771 1589 3834; x_wconf 89' lang='lat' dir='ltr'><strong>Precilius</strong></span> <span class='ocrx_word' id='word_1_189' title='bbox 1636 3772 1879 3836; x_wconf 91' lang='lat' dir='ltr'><strong>laudat</strong></span> <span class='ocrx_word' id='word_1_190' title='bbox 1926 3774 2214 3857; x_wconf 88' lang='lat' dir='ltr'><strong>egregie</strong></span> <span class='ocrx_word' id='word_1_191' title='bbox 2261 3783 2331 3836; x_wconf 90' lang='lat' dir='ltr'><strong>et</strong></span> <span class='ocrx_word' id='word_1_192' title='bbox 2380 3774 2477 3837; x_wconf 89' lang='lat' dir='ltr'><strong>ait</strong></span> 
     </span>
    </p>
   </div>
   <div class='ocr_carea' id='block_1_8' title="bbox 297 3875 2481 4061">
    <p class='ocr_par' dir='ltr' id='par_1_9' title="bbox 297 3875 2481 4061">
     <span class='ocr_line' id='line_1_28' title="bbox 401 3875 2481 3969; baseline 0.001 -23"><span class='ocrx_word' id='word_1_193' title='bbox 401 3902 610 3965; x_wconf 90' lang='lat' dir='ltr'><strong>posse</strong></span> <span class='ocrx_word' id='word_1_194' title='bbox 671 3885 971 3946; x_wconf 90' lang='lat' dir='ltr'><strong>eundem</strong></span> <span class='ocrx_word' id='word_1_195' title='bbox 1031 3896 1099 3948; x_wconf 90' lang='lat' dir='ltr'><strong>et</strong></span> <span class='ocrx_word' id='word_1_196' title='bbox 1161 3875 1298 3964; x_wconf 77' lang='grc' dir='ltr'><strong>ἅμα</strong></span> <span class='ocrx_word' id='word_1_197' title='bbox 1340 3880 1612 3969; x_wconf 78' lang='grc' dir='ltr'><strong><em>πρόσσω</em></strong></span> <span class='ocrx_word' id='word_1_198' title='bbox 1657 3878 1766 3946; x_wconf 85' lang='grc' dir='ltr'><strong>καὶ</strong></span> <span class='ocrx_word' id='word_1_199' title='bbox 1811 3878 2064 3947; x_wconf 83' lang='grc' dir='ltr'><strong><em>ὀπίσσω</em></strong></span> <span class='ocrx_word' id='word_1_200' title='bbox 2110 3886 2351 3948; x_wconf 90' lang='lat' dir='ltr'><strong>videre</strong></span> <span class='ocrx_word' id='word_1_201' title='bbox 2410 3895 2481 3948; x_wconf 91' lang='lat' dir='ltr'><strong>et</strong></span> 
     </span>
     <span class='ocr_line' id='line_1_29' title="bbox 297 3996 1234 4061; baseline 0.003 -3"><span class='ocrx_word' id='word_1_202' title='bbox 297 4021 353 4058; x_wconf 76' lang='lat'><strong>25</strong></span> <span class='ocrx_word' id='word_1_203' title='bbox 401 4007 638 4059; x_wconf 89' lang='lat' dir='ltr'><strong>tamen</strong></span> <span class='ocrx_word' id='word_1_204' title='bbox 685 3996 902 4061; x_wconf 89' lang='lat' dir='ltr'><strong>nihilo</strong></span> <span class='ocrx_word' id='word_1_205' title='bbox 949 3998 1174 4061; x_wconf 91' lang='lat' dir='ltr'><strong>minus</strong></span> <span class='ocrx_word' id='word_1_206' title='bbox 1229 4045 1234 4049; x_wconf 86' lang='lat'><em>-</em></span> 
     </span>
    </p>
   </div>
   <div class='ocr_carea' id='block_1_9' title="bbox 578 4110 2270 4204">
    <p class='ocr_par' dir='ltr' id='par_1_10' title="bbox 578 4110 2270 4204">
     <span class='ocr_line' id='line_1_30' title="bbox 578 4110 2270 4204; baseline 0.002 -25"><span class='ocrx_word' id='word_1_207' title='bbox 578 4110 720 4180; x_wconf 79' lang='grc' dir='ltr'><strong><em>αἰὲν</em></strong></span> <span class='ocrx_word' id='word_1_208' title='bbox 763 4110 1129 4202; x_wconf 77' lang='grc' dir='ltr'><strong><em>ἀριστεύειν</em></strong></span> <span class='ocrx_word' id='word_1_209' title='bbox 1173 4114 1282 4181; x_wconf 82' lang='grc' dir='ltr'><strong>καὶ</strong></span> <span class='ocrx_word' id='word_1_210' title='bbox 1323 4112 1682 4204; x_wconf 78' lang='grc' dir='ltr'><strong><em>ὑπείροχον</em></strong></span> <span class='ocrx_word' id='word_1_211' title='bbox 1727 4112 1997 4200; x_wconf 77' lang='grc' dir='ltr'><strong><em>ἔμμεναι</em></strong></span> <span class='ocrx_word' id='word_1_212' title='bbox 2043 4114 2270 4182; x_wconf 78' lang='grc' dir='ltr'><strong><em>ἄλλων.</em></strong></span> 
     </span>
    </p>
   </div>
  </div>
 </body>
</html>
