3025 4825
1208 443 1282 495 ad
1324 441 1447 494 Att.
1483 442 1658 497 vlu.
1688 430 1745 493 3.
2434 444 2518 505 69

440 643 551 723 28.
601 662 716 735 (Ad
782 663 904 715 Att.
946 661 1138 726 vm„
1188 659 1270 731 3.)
1334 692 1414 698 —-
1479 658 1605 713 Ser.
1653 660 1713 710 in
1777 659 1999 712 Caleno
2046 658 2188 712 ΧΠ.
2236 657 2294 712 k.
2344 659 2517 710 Mart.

1264 791 1318 827 a.
1374 772 1492 825 705
1542 770 1696 843 (49).

902 878 1342 1008 cmE'Ro
1389 921 1784 985 ATTICO
1831 920 2032 1008 sAL.

614 1081 941 1143 Maximis
989 1090 1058 1143 et
1104 1079 1505 1142 miserrimis
1565 1080 1778 1141 rebus
1823 1078 2297 1159 perturbatuS,
2362 1095 2518 1139 cum

439 1214 675 1258 coram
742 1204 970 1257 tecum
1031 1192 1198 1254 mihi
1246 1201 1565 1272 potestas
1610 1191 2062 1252 deliberandi·
2111 1210 2247 1253 non
2312 1198 2516 1265 esset,

400 1310 538 1376 ,uti
587 1319 817 1372 tamen
867 1316 986 1369 tuo
1035 1306 1327 1368 consilio
1374 1305 1585 1367 volui.
1636 1304 2047 1367 deliberatio
2094 1301 2328 1366 autem
2373 1323 2515 1366 om·

437 1423 545 1484 nis
617 1422 794 1483 haec
863 1429 990 1497 est,
1059 1420 1133 1480 si
1205 1419 1686 1498 Pompeius
1753 1417 2034 1479 Italia
2102 1417 2514 1491 excedat,

360 1557 386 1592 ε)
438 1536 674 1617 quod
734 1552 926 1595 eum
988 1532 1448 1594 facturum
1509 1549 1710 1593 esse
1773 1530 2231 1612 suspicor,
2304 1530 2517 1611 quid

332 2124 384 2161 10

327 2684 381 2721 15

327 3250 381 3286 20

436 1648 665 1709 mihi·
697 1648 1141 1730 agendum
1188 1655 1468 1727 putes
1521 1654 1591 1705 et
1638 1663 1776 1725 quo
1822 1642 2100 1705 facilius
2148 1642 2512 1705 consilium

436 1764 603 1823 dare
651 1761 900 1842 possiS‚
949 1760 1116 1841 quid
1164 1759 1234 1820 in
1267 1768 1633 1839 utramque
1673 1767 1945 1838 partem
1991 1756 2160 1818 mihi
2205 1756 2275 1817 in
2323 1774 2515 1817 men-

435 1886 576 1937 tem
623 1875 880 1950 veniat‚
929 1872 1305 1953 explicabo
1352 1871 1572 1933 brevi.
1658 1855 1665 1861 ²

609 1986 784 2049 Cum
830 1986 1153 2049 merita
1201 1985 1570 2067 Pompei
1616 2002 1948 2046 summa
2012 2002 2230 2065 erga
2290 1981 2513 2043 salu·

437 2111 599 2162 tem
650 2118 924 2162 meam
954 2098 1557 2181 familiaritasque,
1605 2117 1786 2180 quae
1835 2098 2001 2158 mihi
2048 2116 2205 2158 cum
2253 2115 2337 2157 eo
2388 2104 2513 2169 est,

436 2224 581 2275 tum
641 2214 799 2295 ipsa
858 2213 957 2274 rei
1021 2211 1346 2293 publicae
1408 2231 1621 2273 causa
1681 2229 1791 2271 me
1837 2209 2141 2281 adducit,
2207 2218 2283 2269 ut
2342 2207 2515 2268 mihi

433 2327 546 2388 vel
608 2326 975 2403 consilium
1035 2344 1265 2386 meum
1334 2344 1491 2386 cum
1560 2325 1745 2386 illius
1813 2324 2104 2386 consilio
2167 2322 2280 2383 vel
2348 2320 2436 2382 fo
2456 2342 2516 2382 r-

433 2450 646 2501 tuna
681 2457 866 2501 mea
913 2458 1104 2501 cum
1149 2439 1414 2500 illius
1444 2438 1823 2501 fortuna
1870 2435 2517 2519 coniungenda

433 2572 631 2614 esse
677 2552 1119 2614 videatur.
1192 2552 1464 2613 accedit
1508 2552 1700 2615 illud.
1792 2551 1852 2612 si
1900 2569 2149 2612 maneo
2198 2558 2270 2610 et
2315 2548 2510 2610 illurn

432 2664 837 2728 comitatum
899 2664 1320 2746 optimorum
1380 2674 1449 2725 et
1497 2663 2038 2725 clarissimorum
2084 2663 2339 2725 civium
2400 2663 2514 2723 de·

431 2797 612 2853 sero,
679 2779 1071 2839 cadendum
1131 2787 1236 2838 est
1297 2779 1367 2838 in
1430 2777 1635 2839 unius
1681 2786 2125 2858 potestatem.
2197 2777 2314 2858 qui
2379 2775 2512 2837 etsi

432 2891 666 2952 multis
711 2892 923 2952 rebus
968 2887 1321 2972 significat
1365 2909 1441 2952 se
1488 2890 1693 2952 nobis
1738 2909 1892 2952 esse
1924 2890 2223 2951 amicum
2272 2886 2390 2974 (et,
2440 2898 2516 2950 ut

431 3013 635 3081 esset,
683 3024 725 3065 a
773 3022 880 3065 me
928 3012 1052 3078 est,
1102 3012 1248 3064 tute
1279 3003 1435 3077 sciS,
1485 3012 1773 3084 propter
1802 3003 2276 3083 suspicionem
2306 3002 2513 3064 huius

431 3117 897 3198 impendentis
931 3116 1364 3197 tempestatis
1397 3116 1615 3179 multo
1648 3125 1811 3177 ante
1836 3113 2243 3198 provisum),
2281 3125 2513 3176 tamen

431 3240 804 3311 utrumque
851 3229 1437 3292 considerandum
1484 3238 1610 3303 est,
1660 3238 1729 3290 et
1774 3238 2037 3310 quanta
2083 3225 2260 3290 fides
2307 3230 2372 3291 ei
2420 3229 2512 3290 sit

428 3345 757 3405 habenda
817 3352 905 3418 et,
968 3342 1028 3403 si
1091 3343 1395 3405 maxime
1438 3343 1889 3423 ‚exploratum
1949 3342 2042 3404 sit
2100 3361 2258 3404 eum
2306 3343 2512 3406 nobis

430 3457 731 3518 amicum
776 3454 950 3530 fore,
997 3455 1180 3517 sitne
1226 3455 1357 3516 viri
1404 3453 1610 3517 fortis
1656 3465 1726 3517 et
1770 3456 1938 3518 boni
2002 3456 2175 3517 civis
2221 3475 2376 3519 esse
2440 3458 2510 3518 in

429 3589 514 3631 ea
562 3570 755 3643 urbe,
804 3569 874 3629 in
908 3587 1066 3649 qua,
1115 3586 1273 3630 cum
1310 3568 1598 3629 summis
1628 3569 2014 3631 honoribus
2059 3570 2510 3652 imperiisque

429 3700 596 3743 usus
640 3681 750 3756 sit,
798 3699 911 3742 res
944 3681 1285 3742 maximas
1321 3681 1643 3763 gesserit,
1682 3683 2077 3745 sacerdotio
2109 3683 2200 3745 sit
2230 3683 2508 3764 amplis-

353 3815 379 3852 5
427 3794 604 3856 simo
652 3794 1033 3875 praedituS,
1081 3814 1222 3856 non
1253 3792 1531 3856 futurus
1576 3795 1685 3871 sit,
1752 3796 1870 3876 qui
1917 3794 2146 3870 fuerit,
2209 3798 2510 3858 subeun-

429 3907 733 3988 dumque
766 3906 1153 3987 periculum
1182 3907 1274 3968 sit
1304 3925 1461 3968 cum
1507 3906 1745 3989 aliquo
1793 3906 1973 3970 forte
2023 3909 2386 3983 dedecore,
2450 3908 2509 3969 si

429 4019 710 4101 quando
757 4019 1137 4100 Pompeius
1182 4038 1329 4080 rem
1362 4020 1719 4099 publicam
1764 4022 2213 4102 recuperarit.
2262 4021 2329 4082 in
2375 4022 2510 4082 hac

428 4142 631 4213 parte
674 4133 854 4193 haec
901 4141 1084 4193 sunt.
