3025 4825
506 640 540 691 5

595 432 682 494 42
1405 429 1479 482 ad
1516 427 1652 482 fam.
1689 427 1808 481 ΙΙΙ.
1843 427 1894 481 2.

767 623 951 687 Res
1025 622 1484 686 Romanae
1573 641 1664 684 se
1740 621 1872 685 sic
1947 623 2443 685 habebant:
2524 632 2676 683 erat

594 738 931 801 nonnulla
973 756 1138 818 spes
1184 736 1645 811 comitiorum,
1707 736 1833 798 sed
1878 736 2144 799 incerta
2164 757 2178 808 ;
2240 744 2391 798 erat
2437 734 2674 816 aliqua

590 850 900 932 suspicio
931 850 1343 924 dictaturae,
1393 869 1480 911 ne
1532 868 1617 911 ea
1665 849 1950 930 quidem
1996 859 2209 924 certa,
2257 868 2291 911 s
2307 869 2353 910 u
2372 868 2440 909 m
2456 868 2526 909 m
2542 867 2589 909 u
2603 866 2672 907 m

592 962 865 1026 otium
925 960 1315 1037 forense,
1377 962 1534 1024 sed
1580 960 2344 1024 consenescentis
2390 960 2675 1043 magis

593 1074 1018 1138 civitatis
1066 1094 1315 1155 quam
1364 1073 2081 1155 acquiescentis;
2142 1073 2491 1137 sententia
2555 1092 2673 1135 au·
2752 1093 2779 1131 5

590 1201 730 1253 tem
778 1198 1017 1250 nostra
1063 1186 1134 1248 in
1173 1197 1419 1250 senatu
1469 1187 1619 1249 eius
1665 1187 1875 1263 modi,
1925 1188 2151 1269 magis
2196 1197 2273 1250 ut
2318 1186 2440 1249 alii
2471 1186 2673 1248 nobis

591 1301 1058 1365 assentiantur
1106 1321 1314 1381 quam
1360 1311 1637 1364 nosmet
1683 1301 1844 1382 ipsi.

768 1406 1052 1476 Τοιαῦθ’
1104 1410 1140 1476 ὃ
1186 1407 1449 1494 τλήμων
1489 1409 1785 1492 πόλεμος
1832 1404 2255 1496 ἐξεργάζεται.

590 1864 668 1964 c)
719 1864 993 1940 Briefe
1052 1886 1201 1940 aus
1259 1866 1412 1940 der
1465 1865 1645 1940 Zeit
1700 1866 1853 1940 der
1890 1863 2672 1940 Statthalterschaft

1240 1992 1584 2092 (51—50
1634 2018 1709 2069 v,
1771 1992 2027 2091 Chr.).

585 2357 694 2426 20.
726 2362 844 2435 (Ad
874 2362 1014 2419 fam.
1043 2363 1177 2429 111„
1210 2360 1293 2434 2.)
1329 2393 1411 2402 -—
1446 2360 1567 2418 Ser.
1592 2364 1808 2416 Romae
1839 2361 2007 2416 tertio
2041 2366 2322 2432 quartove
2346 2379 2423 2417 m.
2448 2379 2503 2418 a.
2535 2379 2593 2418 u.
2625 2381 2677 2418 c.

1466 2476 1588 2528 703
1637 2474 1789 2547 (51).

793 2630 887 2692 M.
937 2627 1345 2692 CICERO
1393 2627 1844 2692 PROCOS.
1890 2627 1961 2691 S.
2010 2627 2098 2689 D.
2145 2626 2469 2691 APPIO

1252 2739 1749 2804 PVLCHRO
1796 2740 2017 2804 IMP.

759 2896 930 2959 Cum
998 2907 1067 2960 et
1135 2907 1379 2960 contra
1445 2897 1883 2960 voluntatem
1953 2916 2184 2958 meam
2252 2908 2322 2960 et
2390 2908 2673 2979 praeter

583 3010 984 3093 opinionem
1030 3010 1422 3083 accidisset,
1484 3021 1563 3073 ut
1607 3010 1775 3072 mihi
1837 3030 1994 3072 cum
2039 3010 2333 3091 imperio
2394 3010 2467 3071 in
2515 3030 2670 3093 pro·
2724 3033 2780 3071 ιο

583 3124 883 3187 vinciam
929 3121 1277 3206 proficisci
1325 3142 1611 3186 necesse
1659 3133 1867 3199 esset,
1938 3123 2009 3185 in
2059 3122 2293 3186 multis
2341 3133 2413 3186 et
2457 3123 2673 3186 variis

582 3237 918 3301 molestiis
978 3235 1669 3320 cogitationibusque
1736 3236 1906 3298 meis
1973 3237 2150 3298 haec
2220 3257 2359 3298 una
2428 3256 2670 3300 conso-

581 3351 753 3414 latio
788 3351 1223 3423 occurrebat,
1273 3350 1461 3430 quod
1493 3368 1722 3430 neque
1753 3349 1884 3411 tibi
1917 3349 2226 3425 amicior,
2276 3369 2485 3430 quam
2531 3369 2670 3433 ego

581 3484 752 3538 sum,
801 3463 1166 3544 quisquam
1211 3472 1450 3543 posset
1497 3461 1875 3524 succedere
1922 3481 2151 3543 neque
2199 3481 2337 3545 ego
2384 3464 2475 3525 ab
2524 3463 2668 3525 ullo

581 3576 1014 3659 provinciam
1063 3575 1407 3656 accipere,
1457 3575 1574 3656 qui
1622 3574 1860 3638 mallet
1907 3594 2063 3637 eam
2110 3595 2317 3657 quam
2365 3575 2669 3638 maxime
2721 3598 2774 3636 15

581 3689 750 3751 mihi
796 3698 1035 3770 aptam
1081 3688 1649 3770 explicatamque
1695 3690 1989 3751 tradere.
2070 3688 2319 3768 quodsi
2380 3698 2458 3752 tu
2506 3708 2667 3770 quo-

583 3821 717 3882 que
763 3801 1059 3863 eandem
1105 3801 1192 3861 de
1241 3821 1397 3863 mea
1441 3800 1808 3863 voluntate
1857 3820 2031 3883 erga
2077 3812 2149 3864 te
2194 3821 2394 3883 spem
2423 3801 2666 3878 habeS‚

582 3933 666 3975 ea
710 3925 781 3976 te
827 3911 1147 3994 profecto
1193 3933 1549 3994 nunquam
1595 3912 1815 3976 fallet.
1893 3934 1936 3976 a
1980 3923 2052 3977 te
2099 3914 2405 3976 maximo
2453 3933 2670 3996 opere

580 4046 710 4107 pro
779 4036 1019 4088 nos-tra
1084 4045 1353 4087 summa
1429 4025 1923 4089 coniunctione
1998 4036 2259 4107 tuaque
2325 4026 2667 4109 singulari

579 4137 1014 4201 humanitate
1077 4137 1288 4200 etiam
1336 4148 1548 4219 atque
1595 4139 1810 4201 etiam
1858 4158 2120 4220 quaeso
2185 4150 2255 4202 et
2313 4148 2504 4220 pet0,
2567 4150 2663 4214 ut,
2719 4164 2769 4201 20
