3025 4825
560 403 645 466 36
1394 402 1469 455 ad
1504 401 1641 456 fam.
1677 402 1726 454 Ι.
1761 403 1813 456 8.

559 603 712 668 est,
791 612 919 655 nec
996 593 1161 655 mihi
1237 593 1464 676 magis
1540 613 1749 675 quam
1823 593 2181 665 omnibus;
2274 613 2434 656 nam
2510 603 2635 656 aut

557 706 1078 769 assentiendum
1139 716 1245 770 est
1306 707 1499 769 nulla
1560 727 1718 770 cum
1777 707 2132 789 gravitate
2198 707 2445 789 paucis
2507 702 2634 770 a'ut

556 818 816 882 frustra
862 819 1436 884 dissentiendum.

728 931 929 995 Haec
976 952 1114 1015 ego
1159 934 1252 995 ad
1296 944 1367 997 te
1415 937 1507 997 ob
1542 954 1696 996 eam
1728 953 2010 996 causam
2041 933 2346 995 maxime
2376 933 2633 1008 scribo,

557 1056 630 1108 ut
677 1046 813 1108 iam
861 1048 949 1109 de
995 1058 1116 1109 tua
1163 1067 1444 1130 quoque
1488 1047 1764 1111 ratione
1825 1047 2182 1110 meditere.
2276 1067 2635 1110 commu-

551 1168 746 1222 tata
811 1169 1006 1223 tota
1080 1161 1323 1224 ratio
1395 1173 1529 1224 est
1591 1170 1989 1235 senatuS‚
2055 1159 2631 1234 iudiciorum,

552 1272 682 1333 rei
741 1273 1027 1336 totius
1086 1274 1555 1355 publicae;
1618 1274 1837 1357 otium
1903 1274 2109 1336 nobis
2156 1273 2633 1355 exoptandum

552 1393 678 1462 est,
727 1387 916 1466 quod
963 1385 1032 1461 ii,
1079 1386 1198 1468 qui
1231 1386 1595 1467 potiuntur
1639 1405 1890 1461 rerum,
1939 1386 2366 1467 praestaturi
2399 1386 2632 1447 viden-

550 1509 682 1574 tur,
730 1499 788 1561 si
837 1499 1121 1580 quidam
1164 1499 1481 1562 homines
1527 1500 1908 1580 patientius
1954 1517 2197 1563 eorum
2242 1498 2630 1581 potentiam

549 1610 735 1674 ferre
773 1612 1163 1693 potuerint;
1211 1613 1631 1696 dignitatem
1663 1612 1944 1693 quidem
1975 1612 2166 1674 illam
2199 1612 2633 1675 consularem

548 1723 752 1788 fortis
798 1737 868 1788 et
916 1726 1301 1790 constantis
1345 1726 1689 1789 senatoris
1749 1725 1919 1787 nihil
1981 1736 2087 1788 est
2135 1725 2327 1807 quod
2373 1725 2631 1808 cogite-

546 1850 806 1900 temus:
876 1839 1131 1901 amissa
1193 1840 1401 1920 culpa
1460 1851 1567 1902 est
1627 1858 1888 1914 eorum,
1959 1838 2079 1920 qui
2153 1858 2195 1899 a
2253 1850 2504 1901 senatu
2565 1849 2633 1900 et

547 1951 867 2014 ordinem·
923 1952 1564 2015 coniunctissimum
1626 1961 1697 2014 et
1762 1952 2112 2014 hominem
2175 1951 2634 2013 clarissimum

548 2064 1057 2128 abalienarunt.
1104 2065 1248 2141 sed,
1296 2077 1371 2128 ut
1416 2066 1508 2127 ad
1541 2085 1643 2141 ea,
1693 2085 1874 2147 quae
1906 2064 2394 2127 coniunctiora
2423 2064 2633 2126 rebus

548 2176 687 2240 tuis
732 2186 913 2254 sunt,
961 2188 1298 2253 revertar,
1349 2178 1865 2260 Pompeium
1910 2178 2081 2241 tibi
2127 2177 2397 2239 valde
2442 2176 2636 2238 ami-

547 2311 733 2353 cum
794 2311 990 2353 esse
1050 2292 1446 2374 cognovi
1511 2303 1583 2354 et
1643 2312 1726 2354 eo
1788 2300 1865 2354 tu
1928 2291 2233 2365 consule,
2299 2300 2636 2372 quantum

546 2425 683 2487 ego
730 2404 1103 2487 perspicio,
1152 2405 1404 2481 omnia,
1453 2426 1636 2488 quae
1679 2404 1896 2481 voles,
1944 2403 2318 2479 obtinebiS,
2382 2403 2636 2486 quibus

543 2518 616 2580 in
662 2521 872 2581 rebus
919 2539 1029 2581 me
1074 2519 1208 2581 sibi
1255 2519 1373 2581 ille
1420 2517 1717 2581 affixum
1761 2519 2073 2593 habebit,
2137 2539 2372 2601 neque
2435 2539 2478 2581 a
2523 2537 2635 2579 me

543 2631 686 2693 ulla
747 2652 877 2709 re5‚
941 2652 1123 2714 quae
1191 2634 1281 2695 ad
1340 2643 1411 2696 te
1457 2633 1830 2714 pertineat.
1878 2633 2340 2715 neglegetur;
2406 2651 2635 2714 neque

542 2744 726 2806 enim
771 2748 1092 2822 verebor,
1141 2766 1227 2808 ne
1273 2747 1404 2807 sim
1451 2747 1514 2808 ei
1547 2746 1901 2822 molestuS‚
1950 2746 2062 2809 cui
2094 2747 2473 2809 iucundum
2506 2746 2637 2808 erit

542 2858 753 2920 etiam
800 2870 1093 2941 propter
1138 2879 1214 2921 se
1260 2859 1508 2942 ipsum,
1558 2879 1714 2922 cum
1761 2879 1871 2923 me
1918 2879 2071 2922 esse
2117 2872 2400 2943 gratum
2445 2860 2636 2921 vide-

541 2970 666 3032 bit.
698 2981 775 3033 tu
806 2972 1015 3033 velim
1060 2971 1232 3034 tibi
1280 2972 1408 3035 ita
1439 2973 2020 3053 persuadeas,
2071 2992 2115 3032 n
2146 2974 2417 3034 ullam
2463 2991 2636 3033 rem

543 3103 738 3145 esse
784 3085 1248 3160 minimam,
1298 3104 1528 3167 quae
1573 3086 1678 3147 ad
1724 3098 1807 3149 te
1854 3086 2337 3167 pertineat,
2402 3105 2627 3167 quae

549 3198 759 3259 mihi
807 3218 972 3260 non
1019 3199 1319 3261 carior
1364 3199 1481 3262 sit
1530 3218 1783 3280 quam
1831 3219 2069 3261 meae
2117 3219 2257 3261 res
2304 3219 2624 3275 omne5‚

540 3311 753 3393 idque
815 3331 971 3373 cum
1032 3312 1348 3388 sentiam,
1410 3312 1784 3375 sedulitate
1847 3313 2162 3374 mihimet
2221 3313 2372 3394 ipse
2438 3312 2635 3376 satis*

536 3423 774 3487 facere
818 3418 1124 3506 possum,⁴
1170 3445 1246 3487 re
1293 3425 1577 3507 quidem
1624 3425 1779 3507 ipsa
1826 3426 1986 3489 ideo
2033 3426 2201 3488 mihi
2250 3447 2390 3489 non
2436 3426 2629 3489 satis-

537 3536 744 3613 facio,
795 3540 984 3619 quod
1031 3539 1295 3600 nullam
1340 3549 1619 3620 partem
1679 3549 1959 3601 tuorum
2019 3539 2428 3602 meritorum
2494 3560 2634 3602 non

536 3651 744 3713 modo
805 3650 1200 3726 referenda,
1270 3653 1396 3713 sed
1457 3671 1548 3712 ne
1612 3652 1993 3734 cogitanda
2056 3652 2338 3733 quidem
2398 3653 2634 3735 gratia

538 3765 870 3846 consequi
919 3785 1223 3845 possum.
1272 3784 1454 3825 rem
1499 3776 1589 3827 te
1634 3765 1902 3827 valde
1948 3766 2179 3827 bene
2225 3766 2633 3848 gessisse

540 3897 721 3938 rum
742 3897 836 3940 or
883 3897 972 3939 er
991 3889 1076 3940 at
1094 3900 1109 3950 ;
1158 3879 1758 3959 exspectabantur
1805 3878 2084 3940 litterae
2115 3888 2302 3954 tuae,
2350 3880 2437 3940 de
2485 3878 2630 3959 qui·
2684 3902 2705 3919 ⁶·

539 3992 671 4052 bus
719 4010 993 4052 eramus
1040 3991 1178 4052 iam
1225 4011 1382 4053 cum
1431 3991 1772 4071 Pompeio
1802 3992 2038 4068 locuti,
2089 4011 2269 4073 quae
2316 3993 2374 4055 si
2421 4001 2634 4054 erunt

537 4103 818 4178 allatae,
882 4114 1193 4166 nostrum
1253 4103 1560 4165 studium
1620 4104 1929 4167 exstabit
1989 4105 2060 4166 in
2123 4105 2633 4167 conveniendis

2687 1633 2739 1671 10

2687 2199 2739 2237 15

2687 2768 2741 2805 20

2688 3334 2743 3371 25
