3025 4825
397 1138 477 1237 a)
553 1139 826 1216 Briefe
900 1163 1049 1215 aus
1120 1141 1271 1216 der
1345 1139 1523 1215 Zeit
1596 1142 1745 1216 des
1817 1140 2477 1240 Burgerkrieges

731 1264 1147 1338 zwischen
1205 1260 1468 1337 Casar
1524 1264 1695 1338 und
1750 1262 2219 1359 Pompejus.

395 1554 510 1622 25.
535 1562 650 1635 (Ad
683 1561 805 1616 Att.
838 1562 999 1627 VIL,
1033 1561 1116 1633 3.)
1140 1593 1223 1600 --
1249 1561 1368 1616 Ser.
1400 1561 1460 1614 in
1492 1561 1824 1625 Trebulano
1853 1562 1926 1616 V.
1959 1561 2037 1615 id.
2071 1562 2213 1614 Dec.
2247 1578 2303 1616 a.
2335 1580 2394 1617 u.
2427 1580 2478 1616 c.

1096 1675 1101 1680 ·
1282 1676 1400 1727 704
1449 1675 1603 1746 (50).

885 1825 1302 1890 CICERO
1351 1825 1747 1890 ATTICO
1795 1825 1996 1890 SAL.

572 1967 659 2029 A.
711 1967 776 2026 d.
826 1988 955 2028 vm.
1006 1966 1159 2028 idus
1221 1965 1593 2028 Decembr.
1689 1967 2126 2028 Aeculanum
2188 1966 2348 2028 veni
2409 1979 2479 2031 et
2537 1981 2567 2033 1

398 2079 496 2145 ibi
572 2089 774 2141 tuas
851 2079 1220 2141 litteras
1295 2079 1504 2162 legi,
1584 2099 1758 2161 quas
1827 2079 2243 2142 Philotimus
2311 2081 2479 2143 mihi

397 2192 724 2254 reddidit.
772 2211 810 2252 e
844 2192 1096 2273 quibus
1124 2192 1307 2253 hanc
1337 2191 1565 2273 primo
1597 2204 1889 2273 aspectu
1914 2192 2183 2274 volup
2203 2203 2476 2256 tatem

399 2306 622 2386 cepi,
673 2307 907 2386 quod
954 2317 1220 2369 erant
1280 2326 1321 2367 a
1368 2316 1455 2367 te
1503 2305 1703 2387 ipso
1751 2306 2177 2388 scriptae,
2226 2307 2478 2369 deinde

317 2451 348 2487 5
399 2440 640 2482 earum
687 2420 1210 2483 accuratissima
1257 2419 1628 2503 diligentia
1689 2441 1839 2482 sum
1898 2420 2146 2481 mirum
2207 2421 2279 2482 in
2338 2441 2474 2484 mo-

401 2534 567 2594 dum
617 2534 1024 2596 delectatuS.
1072 2553 1154 2595 ac
1201 2524 1502 2614 primum
1550 2532 1744 2608 illud,
1808 2533 1880 2594 in
1929 2553 2065 2614 quo
2113 2543 2184 2596 te
2230 2532 2477 2596 Dicae-

398 2648 614 2710 archo
661 2646 982 2708 assentiri
1031 2665 1287 2728 negas:
1337 2646 1466 2706 etsi
1514 2645 1963 2726 cupidissime
2003 2646 2389 2728 expetitum
2438 2667 2479 2708 a

398 2779 510 2821 me
557 2768 665 2821 est
709 2768 780 2820 et
826 2769 894 2821 te
927 2760 1391 2840 approbante,
1439 2778 1528 2820 ne
1561 2759 1822 2820 diutius
1866 2778 2050 2821 anno
2099 2760 2169 2821 in
2201 2760 2478 2842 provin-

398 2871 508 2934 cia
571 2891 818 2949 essem,
881 2882 1113 2934 tamen
1177 2892 1318 2934 non
1379 2883 1486 2934 est
1532 2881 1771 2935 nostra
1820 2873 2266 2937 contentione
2327 2893 2476 2954 per-

290 3012 348 3048 ιο
397 2985 678 3051 fectum.
769 2978 870 3047 sic
933 2986 1114 3047 enim
1177 2986 1374 3060 scito,
1422 2987 1713 3047 verbum
1776 2987 1846 3047 in
1911 2996 2158 3048 senatu
2218 2984 2476 3049 factum

399 3117 553 3160 esse
601 3118 976 3180 numquam
1024 3100 1112 3160 de
1159 3099 1302 3161 ullo
1351 3108 1686 3175 nostrum,
1750 3099 1866 3180 qui
1913 3100 2316 3181 provincias
2362 3101 2478 3162 ob-

400 3211 747 3286 tinuimuS,
813 3230 948 3291 quo
1011 3211 1082 3272 in
1146 3211 1230 3272 iis
1292 3210 1553 3272 diutius
1600 3231 1807 3292 quam
1854 3230 1946 3273 ex
1991 3220 2276 3273 senatus
2321 3232 2477 3274 con·

399 3324 583 3389 sulto
630 3343 1087 3401 maneremUS,
1150 3335 1226 3387 ut
1270 3324 1406 3385 iam
1471 3343 1557 3385 ne
1605 3324 1805 3385 istius
1852 3325 2132 3405 quidem
2193 3324 2293 3386 rei
2341 3325 2479 3387 cul-

403 3456 566 3519 pam
598 3438 999 3512 sustineam,
1050 3438 1238 3518 quod
1269 3436 1497 3499 minus
1544 3437 1661 3498 diu
1694 3436 1944 3499 fuerim
1990 3439 2060 3499 in
2092 3438 2477 3518 provincia,

294 3576 349 3615 15
403 3571 611 3631 quam
658 3550 959 3614 fortasse
984 3549 1219 3612 »fuerit
1261 3550 1450 3612 utile.

571 3654 933 3744 Sed‘quid
977 3664 1035 3724 si
1081 3666 1215 3726 hoc
1264 3663 1510 3725 melius
1526 3652 1573 3726 ?’
1609 3672 2002 3744 opportune
2036 3663 2171 3724 dici
2204 3664 2479 3726 videtur
2531 3677 2566 3726 2

399 3776 511 3837 vel
559 3776 630 3836 in
675 3776 810 3838 hoc
857 3776 1030 3857 ipso.
1123 3775 1272 3837 sive
1322 3776 1505 3837 enim
1569 3777 1661 3837 ad
1708 3777 2156 3838 concordiam
2203 3796 2320 3854 res,
2360 3779 2475 3839 ad-

401 3889 559 3951 duci
590 3899 830 3972 potest,
868 3890 1020 3951 sive
1068 3891 1160 3950 ad
1188 3891 1532 3953 bonorum
1565 3889 1950 3964 victoriam,
1999 3890 2331 3952 utriusvis
2375 3891 2475 3952 rei

399 4022 508 4064 me
554 4014 676 4066 aut
719 4003 1108 4066 adiutorem
1154 4003 1362 4064 velim
1425 4022 1580 4064 esse
1641 4012 1762 4064 aut
1807 4012 1994 4064 certe
2041 4022 2180 4065 non
2228 4023 2474 4085 exper-

296 4142 350 4178 ευ
401 4124 572 4186 tem:
620 4117 728 4177 sin
761 4116 1131 4178 vincuntur
1160 4116 1349 4190 boni,
1397 4115 1818 4197 ubicumque
1851 4135 2094 4191 essem,
2143 4136 2281 4178 una
2319 4138 2475 4179 cum
