3025 4825
1203 411 1276 463 ad
1314 409 1448 463 fam.
1485 410 1654 464 XVI.
1694 410 1774 462 11.
2439 411 2529 472 67

450 627 659 690 quam
723 626 882 669 cum·
928 604 1476 687 quinquennium
1522 605 2106 686 prorogabamus'
2170 613 2291 666 aut
2351 622 2530 678 cums,

453 732 531 783 ut
589 720 902 784 absentis
963 720 1141 782 ratio
1202 719 1602 793 haberetur,
1664 716 2083 791 ferebamuS,
2148 716 2278 810 nisi
2339 715 2522 779 forte

448 836 624 896 haec
667 833 768 895 illi
815 843 961 896 tum
1007 852 1201 893 arma
1246 831 1588 907 dedimuS,
1638 840 1715 893 ut
1760 850 1943 893 nunc
1989 850 2148 893 cum
2180 832 2361 892 bene
2409 849 2529 911 pa-

448 957 602 1011 rato
648 939 1150 1029 pugnaremuS.

623 1055 875 1123 Dices:
925 1056 1135 1140 eQuid
1181 1067 1256 1120 tu
1301 1057 1524 1139 igitur
1563 1076 1893 1119 sensurus
1939 1054 2088 1119 es·?·’
2134 1077 2274 1118 non
2321 1056 2530 1131 idem,

449 1174 635 1253 quod
700 1172 1048 1243 dicturus;
1116 1168 1413 1233 sentiam
1475 1170 1661 1231 enim
1721 1170 1956 1232 omnia
2017 1168 2365 1245 facienda,
2444 1179 2532 1229 ne

446 1286 658 1347 armis
688 1285 1104 1358 decertetur,
1153 1284 1381 1346 dicam
1426 1282 1613 1344 idem
1658 1283 1847 1363 quod
1878 1281 2257 1363 Pompeius
2303 1300 2531 1362 neque

449 1398 522 1459 id
568 1397 822 1460 faciam
866 1396 1110 1459 humili
1157 1396 1409 1459 animo.
1457 1396 1583 1457 sed
1614 1414 1852 1457 rursus
1896 1395 2032 1457 hoc
2063 1412 2529 1475 permagnum

450 1511 549 1573 rei
618 1510 946 1594 publicae
1014 1510 1273 1571 malum
1340 1517 1466 1583 est,
1555 1519 1624 1570 et
1691 1509 1994 1589 quodam
2070 1508 2280 1570 modo
2359 1507 2529 1568 mihi

350 1653 400 1689 lo
451 1634 736 1705 praeter
797 1632 1071 1685 ceteros
1134 1641 1273 1685 non
1335 1632 1606 1684 rectum
1650 1640 1761 1682 me
1820 1621 1892 1682 in
1935 1621 2152 1683 tantis
2214 1620 2425 1681 rebus
2489 1638 2535 1679 a

454 1734 794 1816 Pompeio
841 1734 1197 1797 dissidere.

531 2097 640 2163 27.
670 2103 763 2157 Ad
811 2103 950 2160 fam.
984 2106 1171 2172 XVI„
1207 2103 1330 2175 11.)
1381 2103 1502 2160 Ser.
1559 2106 1635 2157 ad
1682 2104 1878 2158 urbem
1924 2105 2075 2174 prid.
2122 2103 2199 2158 id.
2233 2103 2360 2157 Ian.
2409 2121 2462 2157 a.

1340 2215 1459 2269 705
1508 2213 1665 2288 (49).

467 2365 897 2433 TVLLIVS
957 2366 1076 2430 ET
1137 2364 1511 2445 CICERO,
1575 2364 2089 2444 TERENTIA,
2154 2364 2532 2443 TVLLIA,

774 2479 858 2562 Q.
906 2478 989 2561 Q.
1040 2478 1420 2544 TIRONI
1466 2478 1669 2544 SAL.
1719 2477 1998 2545 PLVR.
2050 2477 2231 2542 DIC.

626 2635 775 2698 Etsi
823 2637 1424 2718 opportunitatem
1467 2655 1725 2718 operae
1771 2648 1936 2699 tuae
1982 2635 2303 2699 omnibus
2348 2635 2523 2696 locis
2590 2652 2621 2704 1

453 2747 795 2824 desidem,
827 2758 1067 2811 tamen
1099 2768 1269 2811 non
1313 2759 1487 2811 tam
1536 2768 1721 2810 mea
1754 2768 2009 2830 quam
2053 2761 2204 2813 tua
2250 2769 2523 2812 causa

454 2860 718 2923 doleo
779 2871 897 2922 te·
932 2879 1106 2922 non
1155 2862 1482 2923 valere.
1546 2863 1693 2938 sed,
1741 2862 2069 2943 quoniam
2131 2862 2201 2924 in
2247 2873 2523 2945 quarta-

352 2990 406 3028 ιτ,
455 2992 613 3034 nam
677 2992 1013 3035 conversa
1073 2974 1179 3036 vis
1254 2986 1359 3037 est
1434 2974 1660 3037 morbi
1720 3013 1807 3022 —-
1865 2977 1967 3038 sic
2035 2975 2217 3038 enim
2286 2976 2530 3038 scribit

457 3084 706 3148 Curius
750 3124 856 3164 —-,
920 3106 1128 3169 spero
1189 3099 1259 3150 te
1305 3087 1674 3170 diligentia
1720 3089 2037 3151 adhibita
2096 3089 2233 3150 iam
2279 3086 2531 3152 firmio·

455 3217 599 3259 rem
648 3197 839 3269 fore;
887 3200 1096 3262 modo
1143 3198 1277 3276 fac,
1343 3199 1414 3263 id
1461 3201 1648 3282 quod
1695 3208 1814 3264 est
1845 3200 2299 3264 humanitatis
2343 3213 2531 3278 tuae,

457 3329 545 3371 ne
615 3312 781 3392 quid
850 3312 1042 3374 aliud
1110 3331 1311 3374 cures
1370 3312 1511 3375 ‘hoc
1580 3324 1916 3394 tempore,
1988 3313 2117 3375 nisi
2188 3323 2265 3375 ut
2324 3334 2537 3395 quam

456 3423 1014 3486 commodissime
1047 3425 1520 3489 convalescas,
1570 3444 1709 3488 non
1741 3426 2013 3508 ignom,
2062 3439 2397 3507 quantum
2444 3432 2537 3489 ex

354 3550 407 3587 20
459 3535 808 3599 desiderio
853 3536 1171 3610 labores:
1234 3540 1360 3600 sed
1406 3544 1618 3600 erunt'·
1655 3539 1890 3601 omnia
1934 3536 2192 3615 facilia,
2241 3540 2299 3601 si
2347 3540 2533 3601 vale-

459 3645 588 3709 bis.
633 3647 973 3712 ·festinare
1028 3660 1105 3712 ⁴te
1152 3651 1337 3725 nolO,
1397 3669 1485 3712 ne
1532 3671 1835 3714 nauseae
1884 3652 2272 3722 molestiam
2318 3653 2528 3714 susci-

459 3761 610 3841 pias
656 3781 872 3845 aeger
917 3773 989 3825 et
1032 3764 1429 3845 periculose
1474 3765 1703 3827 hieme
1752 3766 2067 3848 naviges,

635 3874 822 3957 Ego
871 3878 976 3937 ad
1023 3878 1330 3938 urbem
1377 3877 1731 3953 accessi
1792 3900 1910 3961 pr.
1961 3900 2243 3944 nonas
2289 3881 2534 3943 Ianu-
2592 3894 2632 3944 ‘2

461 3987 652 4049 aria
672 4007 726 4051 s,
776 3988 1059 4052 obviam
1090 3990 1256 4052 mihi
1303 3991 1405 4053 sic
1436 4003 1542 4055 est
1575 3992 1950 4073 proditum,
1999 4003 2076 4055 ut
2106 3992 2278 4055 nihil
2309 3994 2532 4075 possit

355 4117 409 4153 25
462 4095 611 4160 fieri
661 4101 994 4163 ornatius,
1084 4103 1210 4164 sed
1255 4102 1470 4165 incidi
1519 4104 1589 4167 in
1638 4103 1860 4186 ipsam
1906 4103 2255 4167 flammam
2305 4105 2538 4167 civilis

2330 4223 2397 4276 5³(-
