3025 4825
1197 402 1271 456 ad
1311 400 1433 456 Att.
1471 402 1554 455 Π.
1589 402 1673 455 22.
2393 402 2473 482 13

399 595 669 661 diceret
725 598 799 659 in
859 617 1127 660 summa
1186 616 1263 659 se
1312 575 1665 678 ⁴'perfidiae
1726 605 1824 674 et,
1857 595 2141 658 sceleris
2185 593 2474 676 infamia

397 709 573 787 fore,
619 711 677 772 si
725 711 894 773 mihi
941 710 1328 793 periculum
1375 718 1731 791 crearetur
1776 710 1868 770 ab
1916 727 2021 790 eo,
2069 728 2276 791 quem
2323 708 2474 788 ipse

399 835 758 902 armasset,
806 845 978 909 cum
1040 824 1394 906 plebeium
1454 820 1608 884 fieri
1669 842 1919 903 passus
1978 832 2193 893 esset;
2264 818 2472 882 fidem

400 939 752 1020 recepisse
796 938 932 1001 sibi
980 947 1051 1000 et
1093 939 1319 1020 ipsum
1368 947 1438 1001 et
1486 936 1800 1018 Appium
1848 936 1936 997 de
1980 954 2125 1010 me;
2187 936 2371 997 hanc
2416 936 2473 996 si

315 1065 344 1102 5
399 1049 520 1111 ille
549 1069 690 1123 non
721 1060 1054 1127 servaret,
1103 1050 1201 1113 ita
1231 1051 1558 1126 laturum,
1598 1059 1674 1111 ut
1712 1066 1952 1112 omnes
1983 1046 2476 1129 intellegerent

394 1163 568 1224 nihil
613 1163 751 1225 sibi
795 1163 1149 1245 antiquius
1195 1163 1503 1240 amicitia
1564 1169 1799 1238 nostra
1845 1160 2081 1223 fuisse.
2169 1161 2345 1223 haec
2408 1169 2480 1222 et

396 1276 469 1336 in
515 1295 669 1337 eam
688 1343 697 1350 ,Ἴ
716 1276 1137 1339 sententiam
1183 1295 1339 1337 cum
1386 1275 1606 1338 multa
1639 1274 1953 1350 dixisset,
2001 1274 2238 1337 aiebat
2285 1274 2477 1361 illum

396 1388 623 1469 primo
670 1408 839 1450 sane
887 1389 1005 1451 diu
1051 1389 1272 1451 multa
1318 1398 1583 1463 contra,
1644 1387 1735 1449 ad
1793 1397 2183 1449 extremum
2243 1397 2475 1449 autem

398 1516 645 1563 manus
715 1502 991 1564 dedisse
1061 1513 1130 1570 et
1158 1575 1163 1580 ,
1193 1498 1585 1563 affirmasse
1647 1498 1819 1566 nihil
1886 1519 1960 1561 se
2022 1509 2267 1562 contra
2329 1500 2479 1561 eius

288 1634 348 1671 ιο
399 1614 833 1678 voluntatem
903 1634 1055 1677 esse
1123 1613 1492 1677 facturum.
1555 1614 1681 1675 sed
1748 1623 1997 1693 postea
2063 1623 2301 1676 tamen
2362 1612 2479 1674 ille

398 1745 543 1792 non
590 1728 858 1792 destitit
905 1729 992 1789 de
1039 1728 1244 1790 nobis
1291 1727 1675 1808 asperrime
1719 1727 1947 1807 loqui3
1997 1727 2187 1806 quod
2234 1725 2291 1786 si
2340 1746 2480 1788 non

395 1840 683 1918 faceret,
755 1850 987 1903 tamen
1057 1840 1120 1902 ei
1191 1839 1363 1901 nihil
1433 1840 1873 1901 crederemus
1942 1848 2157 1919 atque
2224 1838 2476 1913 omnia,

397 1954 578 2018 sicut
621 1952 939 2030 facimuS,
975 1972 1414 2035 pararemus,
2007 1933 2011 1938 ’

603 2066 853 2129 Nunc
901 2066 1031 2129 ita
1076 2086 1234 2128 nos
1278 2065 1700 2148 gerimus,
1764 2076 1854 2126 ut
1917 2064 2002 2124 in
2063 2064 2259 2125 dies
2319 2063 2476 2125 sin·

288 2199 346 2237 15
395 2181 662 2263 gulos
725 2191 809 2243 et
868 2179 1175 2242 studia
1237 2179 1321 2240 in
1385 2197 1540 2240 nos
1599 2177 2040 2239 hominum
2109 2187 2195 2239 et
2262 2194 2480 2257 opes

397 2304 764 2358 nostrae
840 2302 1384 2374 augeantur;
1468 2309 1614 2352 rem
1686 2288 2043 2370 publicam
2119 2288 2316 2349 nulla
2386 2307 2479 2352 ex

398 2416 599 2487 parte
677 2405 1118 2488 attingimus;
1196 2405 1269 2466 in
1342 2404 1573 2466 causis
1644 2413 1860 2484 atque
1929 2401 2000 2464 in
2068 2395 2189 2463 illa
2258 2420 2478 2482 opera

396 2529 635 2581 nostra
709 2516 973 2581 forensi
1050 2537 1321 2581 summa
1412 2517 1756 2579 industria
1829 2535 2208 2591 versamur,
2285 2518 2477 2597 quod

395 2631 689 2714 egregie
736 2651 878 2694 non
910 2633 1118 2694 modo
1167 2631 1271 2707 iis,
1321 2631 1440 2711 qui
1474 2640 1765 2706 utuntur
1795 2649 2011 2710 opera
2043 2639 2306 2706 nostra,
2350 2631 2478 2709 sed

286 2761 344 2798 20
394 2743 607 2806 etiam
655 2745 726 2805 in
772 2743 1029 2826 vulgus
1073 2754 1356 2826 gratum
1401 2762 1555 2805 esse
1603 2742 1958 2805 sentimus.
2009 2742 2255 2803 domus
2301 2741 2475 2821 cele-

392 2859 659 2931 bratur,
724 2857 1146 2929 occurritur;
1216 2866 1599 2918 renovatur
1658 2855 1992 2917 memoria
2055 2855 2477 2929 consulatuS‚

392 2969 625 3031 studia
692 2965 1213 3050 significantur3
1285 2969 1355 3029 in
1422 2986 1575 3029 eam
1639 2987 1835 3049 spem
1883 2966 2324 3041 adducimur,
2402 2977 2478 3029 ut

395 3083 598 3145 nobis
659 3064 755 3144 ea¹
799 3070 1179 3156 contentio,
1247 3101 1430 3163 quae
1478 3082 1855 3162 impendet,
1921 3080 2269 3142 interdurn
2338 3074 2478 3143 non

394 3194 734 3278 fugienda
822 3195 1165 3258 videatur.
1257 3215 1481 3256 nunc
1572 3193 1785 3256 mihi
1875 3205 1967 3255 et
2057 3192 2478 3255 consiliis

291 3329 346 3367 25
395 3328 609 3389 opus
657 3317 792 3370 est
835 3309 1014 3372 tuis
1075 3319 1159 3370 et
1221 3314 1515 3370 amore
1578 3317 1661 3369 et
1720 3305 1944 3379 fide;
2007 3325 2284 3388 quare
2345 3308 2477 3368 ad-

393 3422 616 3488 vola.
680 3421 1016 3502 expedita
1075 3421 1244 3482 mihi
1306 3430 1510 3482 erunt
1573 3419 1826 3495 omnia,
1889 3420 1955 3482 ⁴si
2023 3430 2094 3482 te
2155 3419 2474 3481 habebo:

393 3533 612 3597 multa
655 3553 784 3614 per
827 3533 1222 3613 Varronem
1269 3544 1583 3598 nostrum
1645 3533 1766 3615 agi
1813 3543 2092 3612 posunt,
2157 3552 2337 3613 quae
2401 3544 2472 3596 te

392 3657 692 3740 urg-ente
740 3657 943 3709 erunt
990 3643 1318 3721 firmiora,
1365 3645 1586 3708 multa
1647 3646 1737 3707 ab
1787 3645 1941 3725 ipso
1988 3645 2242 3707 Publio
2290 3622 2469 3724 elici,

391 3758 607 3821 multa
640 3758 993 3841 cognosci,
1042 3777 1224 3839 quae
1271 3757 1401 3820 tibi
1434 3758 1711 3821 occulta
1757 3777 2082 3822 essenon
2114 3767 2468 3841 poterunt,

294 3894 347 3933 30
393 3872 610 3935 multa
657 3872 869 3934 etiam
897 3905 1004 3948 --,
1053 3873 1175 3933 sed
1207 3872 1589 3934 absurdum
1636 3881 1743 3933 est
1774 3871 2056 3953 singula
2088 3871 2469 3955 explicare,

395 4003 548 4046 cum
609 4004 746 4067 ego
807 3984 1158 4064 requiram
1220 3995 1291 4047 te
1353 3986 1443 4046 ad
1503 3984 1754 4048 omnia.
1825 4003 2038 4059 unum
2108 3983 2279 4071 illud
2339 3984 2470 4047 tibi

394 4098 818 4179 persuadeas
863 4096 1095 4173 velim,
1144 4096 1375 4159 omnia
1421 4097 1590 4158 mihi
1636 4095 1789 4159 fore
1836 4097 2216 4177 explicata,
2279 4097 2336 4158 si
2397 4108 2470 4159 te

2533 2076 2567 2128 3
