3025 4825
597 406 686 468 80
1349 407 1425 460 ad
1460 407 1598 460 fam.
1633 408 1843 461 VIIII.
1876 410 1927 460 6.

595 619 731 661 ras.
821 601 949 662 sed
992 613 1253 675 tamen,
1299 621 1457 663 cum
1502 602 1624 663 ille
1665 603 2082 685 scripsisset,
2146 615 2224 665 ut
2268 602 2551 683 opinor,
2614 620 2697 662 se

594 713 666 773 in
710 713 1039 775 Alsiense
1084 726 1477 790 venturum,
1522 715 1959 796 scripserunt
2016 717 2112 777 ad
2175 691 2342 777 e⁴um
2401 715 2536 790 sui,
2599 733 2696 775 ne

592 825 667 885 id
710 823 1015 897 faceret;
1083 826 1341 888 multos
1399 827 1465 887 ei
1512 828 1846 889 molestos
1890 826 2045 889 fore
2091 828 2469 909 ipsumque
2517 828 2690 888 mul·

590 938 715 1009 tis;
784 937 1031 1000 Ostiae
1078 939 1299 1000 videri
1345 941 1780 1001 commodius
1837 959 1998 1001 eum
2043 940 2242 1001 exire
2288 958 2524 1019 posse.
2617 939 2692 999 id

591 1069 732 1132 ego
795 1070 937 1112 non
998 1051 1505 1133 intellegebam
1564 1052 1732 1131 quid
1777 1052 2178 1123 interessem
2246 1054 2379 1113 sed
2446 1063 2694 1113 tamen
2781 1076 2808 1110 5,

591 1162 865 1224 Hirtius
912 1163 1079 1224 mihi
1126 1163 1307 1225 dixit
1363 1174 1435 1224 et
1476 1184 1556 1225 se
1599 1166 1692 1225 ad
1736 1183 1898 1225 eum
1941 1175 2013 1225 et
2056 1164 2370 1226 Balbum
2427 1174 2502 1225 et
2548 1162 2693 1244 Op·

590 1276 787 1355 pium
829 1276 1213 1357 scripsisse,
1261 1289 1336 1339 ut
1384 1277 1485 1337 ita
1515 1275 1806 1351 faceret,
1851 1277 2194 1352 homines,
2243 1287 2322 1338 ut
2353 1277 2693 1358 cog-novi,

592 1398 911 1450 amantes
959 1389 1080 1450 tui.

766 1501 927 1565 Hoc
972 1521 1106 1584 ego
1152 1502 1417 1564 idcirco
1464 1521 1669 1563 nosse
1729 1514 1798 1563 te
1843 1501 2056 1581 volui,
2104 1515 2182 1564 ut
2225 1502 2467 1575 scires,
2530 1502 2692 1563 hos-

591 1613 839 1696 pitium
897 1614 1027 1676 tibi
1090 1615 1210 1676 ubi
1259 1633 1570 1694 parares,
1617 1614 1730 1674 vel
1777 1615 2014 1693 potius
2061 1626 2138 1676 ut
2182 1614 2572 1693 utrubique
2603 1649 2656 1656 —
2683 1651 2696 1656 -

591 1729 759 1808 quid
806 1727 993 1788 enim
1024 1727 1143 1788 ille
1175 1725 1490 1789 facturus
1536 1727 1646 1801 sit,
1692 1726 2037 1787 incertum
2083 1736 2190 1788 αεὶ
2219 1763 2327 1801 -,
2376 1736 2454 1786 et
2479 1726 2695 1786 simul

590 1839 938 1903 ostentavi
1002 1839 1132 1901 tibi
1197 1857 1307 1899 me
1368 1838 1520 1899 istis
1578 1857 1731 1899 esse
1777 1836 2198 1900 familiarem
2257 1851 2331 1898 et
2374 1838 2697 1900 consiliis

589 1970 832 2015 eorum
877 1952 1233 2013 interesse.
1325 1952 1515 2031 quod
1576 1969 1714 2032 ego
1761 1970 1884 2011 cur
1928 1951 2167 2025 nolim,
2214 1951 2391 2012 nihil
2438 1951 2695 2020 video;

590 2085 729 2126 non
777 2065 965 2125 enim
1011 2075 1117 2125 est
1162 2063 1349 2124 idem
1394 2061 1602 2137 ferre,
1665 2064 1721 2123 si
1772 2063 1941 2143 quid
1989 2062 2362 2125 ferendum
2422 2074 2556 2140 est,
2621 2075 2697 2125 et

589 2179 917 2257 probare,
962 2178 1020 2238 si
1067 2176 1237 2257 quid
1284 2196 1425 2238 non
1456 2177 1900 2255 probandum
1945 2186 2084 2246 est;
2133 2177 2285 2251 etsi,
2336 2177 2512 2256 quid
2544 2196 2695 2238 non

590 2292 909 2371 probem,
956 2290 1282 2370 equidem
1327 2289 1467 2350 iam
1513 2290 1770 2363 nesci0‚
1818 2299 2100 2369 praeter
2162 2289 2366 2350 initia
2414 2309 2694 2358 rerum:

591 2424 753 2465 nam
797 2404 973 2466 haec
1035 2403 1106 2465 in
1152 2404 1518 2467 voluntate
1564 2400 1864 2464 fuerunt.
1956 2402 2101 2464 vidi
2149 2402 2340 2464 enim
2385 2439 2475 2446 ——
2523 2423 2695 2465 nam

590 2528 668 2578 tu
727 2518 979 2578 aberas
1024 2551 1109 2560 -·-
1157 2528 1434 2579 nostros
1495 2516 1759 2578 amicos
1818 2535 2078 2596 cupere
2138 2516 2431 2588 bellum,
2495 2517 2695 2577 hunc

591 2641 823 2691 autem
888 2649 1027 2691 non
1086 2641 1230 2690 tam
1295 2646 1557 2709 cupere
1604 2646 1812 2706 quam
1874 2647 2014 2690 non
2074 2629 2326 2690 timere
2371 2666 2463 2673 —-
2510 2649 2697 2710 ergo

589 2743 766 2802 haec
815 2739 1087 2802 consilii
1133 2738 1439 2813 fuerunt,
1484 2739 1754 2817 reliqua
1801 2740 2195 2800 necessaria
2240 2779 2346 2815 —‚
2395 2741 2695 2803 vincere

592 2866 827 2916 autem
873 2864 996 2914 aut
1040 2852 1171 2913 hos
1217 2863 1339 2913 aut
1387 2852 1546 2913 illos
1595 2870 1877 2912 necesse
1924 2871 2098 2913 esse.
2187 2854 2337 2916 scio
2389 2864 2460 2914 te
2508 2874 2696 2916 sem-

591 2985 720 3045 per
786 2982 1060 3025 mecum
1125 2964 1194 3024 in
1259 2964 1453 3025 luctu
1523 2962 1758 3036 fuisse,
1829 2983 1988 3025 cum
2053 2964 2454 3025 videremus
2524 2986 2695 3027 curn

591 3076 764 3137 illud
834 3065 1085 3156 in'gens
1152 3075 1438 3148 malum,
1509 3074 1798 3136 alterius
1871 3074 2093 3136 utrius
2170 3077 2537 3139 exercitus
2619 3090 2696 3141 et

589 3189 844 3250 ducum
892 3188 1270 3261 interitum,
1320 3196 1463 3247 tum
1495 3205 1664 3247 vero
1711 3197 2099 3248 extremum
2146 3188 2496 3250 malorum
2542 3210 2693 3252 om·

589 3300 781 3360 nium
827 3318 981 3361 esse
1028 3298 1253 3360 civilis
1300 3298 1466 3359 belli
1516 3298 1900 3360 victoriam.
1950 3317 2157 3378 quam
2206 3300 2496 3379 quidem
2544 3320 2695 3387 ego

588 3412 801 3473 etiam
847 3411 1124 3472 illorum
1169 3410 1526 3484 timebam,
1573 3410 1664 3470 ad
1712 3429 1886 3489 quos
1929 3429 2348 3472 veneramus
2394 3449 2484 3457 —
2531 3433 2694 3474 cru-

589 3524 838 3586 deliter
887 3523 1070 3584 enim
1118 3523 1362 3585 otiosis
1408 3524 1877 3597 minabantur,
1949 3534 2241 3603 eratque
2302 3525 2388 3585 iis
2436 3537 2512 3588 et
2561 3538 2694 3589 tua

589 3637 814 3699 invisa
881 3636 1209 3698 voluntas
1276 3646 1346 3698 et
1415 3653 1571 3695 mea
1641 3635 1866 3697 oratio
1913 3656 2031 3706 —-;
2101 3655 2286 3698 nunc
2354 3657 2554 3714 vero,
2628 3641 2692 3703 si

587 3760 821 3811 essent
885 3748 1102 3810 nostri
1173 3747 1400 3828 potiti,
1461 3746 1671 3808 valde
1732 3747 2278 3827 intemperantes
2342 3748 2689 3825 fuissent;

2755 1635 2812 1670 10

2751 2760 2809 2794 :⁹0

589 3871 790 3924 erant
835 3860 1020 3922 enim
1066 3859 1269 3921 nobis
1299 3858 1611 3938 perirati,
1660 3858 1858 3939 quasi
1892 3860 2261 3941 quicquam
2311 3864 2403 3923 de
2435 3874 2692 3927 nostra
2743 3884 2799 3921 3⁰

589 3975 815 4036 salute
848 3972 1419 4047 decrevissemus,
1468 3971 1658 4050 quod
1705 3989 1842 4032 non
1890 3972 2072 4032 idem
2120 3972 2259 4035 illis
2290 3977 2689 4039 censuisse-

591 4106 761 4161 mus,
810 4094 932 4147 aut
977 4083 1173 4165 quasi
1222 4082 1458 4144 utilius
1505 4081 1605 4142 rei
1653 4082 1980 4161 publicae
2027 4082 2241 4146 fuerit
2287 4103 2414 4148 eos
2462 4088 2689 4150 etiam
